1491 2390
415 105 492 131 THE
522 93 703 132 PARROT’S
733 105 864 133 nmen.
1224 95 1274 134 35

111 210 189 248 Tot
207 210 314 248 mala
332 210 589 260 pertulimus,
610 222 783 259 quorum
802 209 1004 248 medicina
1023 210 1217 259 quiesque

162 272 289 310 Nulla
307 274 385 308 nisi
403 271 446 308 in
466 272 602 309 studio
622 276 684 309 est
705 271 993 321 Pieridumque
1013 276 1136 308 mora.
1229 270 1279 308 10

112 338 133 353 “
150 332 251 381 Quis
272 333 358 377 tibi,
381 332 502 378 Naso,
523 333 667 371 modus
688 333 892 370 lacrimosi
913 333 1105 370 carminis
1124 330 1141 369 ’ἓ
1158 331 1179 345 ”
1216 332 1277 369 in-

213 409 325 445 quis:

163 452 290 503 ldem,
310 457 500 494 fortunae
521 457 589 505 qui
609 456 752 493 modus
772 455 894 493 huius
915 455 1004 492 erit.

414 576 542 613 'rime
569 577 659 613 and
687 577 880 624 Ghange.

4 646 67 688 20.
110 647 197 686 Ista
216 647 360 684 decens
380 646 505 683 facies
527 645 659 695 longis
679 646 897 683 xdtiabitm·
916 646 1045 690 annis,

167 708 364 758 Rugaque
384 707 427 744 in
447 707 616 755 antiqua
634 706 769 744 fronte
789 707 928 744 senilis
949 707 1025 744 erit
1044 723 1052 752 ;

113 769 339 818 Inicietque
359 781 526 805 manum
545 767 700 805 formae
721 768 914 805 damnosa
934 771 1132 812 senectus,

168 829 281 877 Quae
301 829 520 879 strepitum
540 841 664 879 passu
683 841 765 866 non
783 829 958 866 faciente
979 829 1114 873 x·enit;

115 889 299 940 Cumque
312 890 459 939 aliquis
469 890 575 927 dicet
593 889 721 926 “Fuit
734 889 1054 927 haecformosa.”
1072 888 1239 933 dolebis,
1257 889 1280 926 5

170 952 223 989 Et
243 951 454 1002 speculum
474 951 649 988 mendax
669 964 755 988 esse
775 955 944 1000 querere
963 954 1092 987 tuum.

119 1011 225 1052 Sunt
245 1013 321 1050 tibi
341 1025 436 1062 opes
452 1012 645 1056 modicae,
662 1024 753 1049 cum
770 1012 824 1048 sis
841 1011 1083 1061 dignissima
1097 1011 1256 1062 magnis
1272 1028 1279 1048 ε

173 1074 301 1123 Finge
322 1073 392 1110 sed
411 1073 620 1110 immensis
641 1072 828 1109 censibus
848 1085 935 1109 esse
954 1075 1070 1122 pares
1088 1088 1096 1118 ;

119 1135 276 1186 Nempe
297 1135 368 1172 dat
387 1134 441 1178 id,
458 1134 738 1183 quodcumque
759 1133 870 1178 libet,
885 1133 1050 1170 fortuna
1068 1133 1280 1184 rapitque;

173 1196 265 1234 Irus
285 1200 325 1233 et
345 1198 407 1233 est
427 1195 574 1240 subito,
595 1195 665 1244 qui
684 1194 802 1231 modo
824 1193 996 1232 Croesus
1018 1198 1115 1232 erat.
1234 1194 1284 1232 10

355 1288 359 1292 ’
399 1299 494 1336 The
514 1299 720 1336 Pan-ot’s
740 1298 893 1344 nirge.

617 1367 680 1416 (α)

14 1434 81 1480 21.
181 1438 401 1482 Psittacus,
424 1437 519 1475 Eois
540 1438 742 1475 imitatrix
762 1437 846 1475 ales
867 1437 917 1475 ab
938 1437 1068 1483 Indis,

229 1499 390 1538 Occidit
407 1515 414 1536 :
445 1499 636 1548 exequias
656 1499 712 1536 ite
732 1499 980 1548 frequenter,
1001 1512 1118 1544 aves3

175 1561 251 1606 Ite,
267 1561 359 1611 piae
375 1559 571 1604 volucres,
592 1564 632 1597 et
651 1560 836 1610 plangite
856 1565 1020 1610 pectora
1040 1560 1178 1610 pinnis

230 1622 283 1659 Et
302 1621 436 1671 rigido
456 1625 617 1658 teneras
637 1634 773 1671 ungue
793 1626 932 1658 notate
952 1634 1100 1671 genas;

177 1683 359 1722 Horrida
378 1696 451 1733 pro
471 1682 638 1720 maestis
659 1682 838 1720 lanietur
857 1682 997 1732 pluma
1017 1682 1189 1732 capillis,
1262 1683 1284 1719 5

231 1744 310 1782 Pro
330 1741 452 1793 longa
470 1748 659 1780 resonent
680 1743 862 1780 carmina
881 1748 1019 1780 vestra
1037 1742 1160 1780 tuba!

177 1802 296 1853 Quod
316 1804 446 1842 scelus
468 1803 628 1840 Ismarii
643 1804 834 1852 quereris,
853 1802 1091 1847 Philomela,
1106 1803 1283 1854 tyranni,

231 1866 407 1916 Expleta
427 1870 488 1902 est
509 1865 626 1902 annis
646 1864 725 1901 ista
745 1864 908 1913 querela
929 1865 1012 1902 suis
1030 1880 1039 1911 ;

177 1926 306 1966 Alitis
325 1927 369 1964 in
388 1939 504 1963 rarae
524 1925 719 1962 miserum
740 1925 949 1962 devertere
969 1925 1094 1962 funus
1112 1941 1119 1962 :

231 1988 396 2038 Magna,
418 1987 489 2025 sed
509 1987 679 2036 antiqua
698 1990 760 2023 est
780 1999 902 2024 causa
921 1986 1071 2024 doloris
1092 1987 1191 2037 Itys.
1237 1985 1288 2024 10

180 2047 344 2093 Omnes,
364 2061 467 2098 quae
488 2047 642 2097 liquido
661 2047 823 2084 libratis
842 2047 886 2084 in
906 2052 997 2084 aere
1017 2060 1172 2093 cursus,

231 2110 294 2147 Tu
313 2114 451 2147 tamen
470 2115 565 2146 ante
586 2108 699 2153 alios,
719 2112 859 2145 turt-ur
877 2108 1016 2153 amice,
1037 2108 1149 2145 dole!

179 2169 307 2210 Plena
324 2170 407 2207 fuit
427 2170 542 2207 vobis
561 2169 671 2207 omni
691 2169 904 2207 concordia
923 2169 1022 2214 vita,

230 2232 286 2270 Et
304 2232 421 2270 stetit
441 2231 493 2269 ad
512 2232 632 2268 finem
653 2231 775 2281 longa
793 2234 995 2280 tenaxque
1015 2231 1136 2268 fides:
