<?xml version="1.0" encoding="UTF-8"?>
<!DOCTYPE html PUBLIC "-//W3C//DTD XHTML 1.0 Transitional//EN"
    "http://www.w3.org/TR/xhtml1/DTD/xhtml1-transitional.dtd">
<html xmlns="http://www.w3.org/1999/xhtml" xml:lang="en" lang="en">
 <head>
  <title>
</title>
<meta http-equiv="Content-Type" content="text/html;charset=utf-8" />
  <meta name='ocr-system' content='tesseract 3.04.00' />
  <meta name='ocr-capabilities' content='ocr_page ocr_carea ocr_par ocr_line ocrx_word'/>
</head>
<body>
  <div class='ocr_page' id='page_1' title='image "./storiesfromovid00oviduoft_0051.png"; bbox 0 0 1491 2390; ppageno 0'>
   <div class='ocr_carea' id='block_1_1' title="bbox 372 76 1304 119">
    <p class='ocr_par' dir='ltr' id='par_1_1' title="bbox 372 76 1304 119">
     <span class='ocr_line' id='line_1_1' title="bbox 372 76 1304 119; baseline -0.003 -1"><span class='ocrx_word' id='word_1_1' title='bbox 372 91 449 118; x_wconf 81' lang='lat' dir='ltr'>THE</span> <span class='ocrx_word' id='word_1_2' title='bbox 480 91 600 118; x_wconf 84' lang='lat' dir='ltr'>STORY</span> <span class='ocrx_word' id='word_1_3' title='bbox 628 91 675 119; x_wconf 71' lang='lat' dir='ltr'>OF</span> <span class='ocrx_word' id='word_1_4' title='bbox 703 91 967 119; x_wconf 83' lang='lat' dir='ltr'>PERSEPHONE.</span> <span class='ocrx_word' id='word_1_5' title='bbox 1255 76 1304 115; x_wconf 76' lang='lat'>47</span> 
     </span>
    </p>
   </div>
   <div class='ocr_carea' id='block_1_2' title="bbox 145 193 1312 1048">
    <p class='ocr_par' dir='ltr' id='par_1_2' title="bbox 145 193 1312 1048">
     <span class='ocr_line' id='line_1_2' title="bbox 145 193 1146 244; baseline 0 -12"><span class='ocrx_word' id='word_1_6' title='bbox 145 193 222 232; x_wconf 84' lang='lat' dir='ltr'>Tot</span> <span class='ocrx_word' id='word_1_7' title='bbox 240 194 405 232; x_wconf 84' lang='lat' dir='ltr'>fuerant</span> <span class='ocrx_word' id='word_1_8' title='bbox 425 194 520 239; x_wconf 89' lang='lat' dir='ltr'>illic,</span> <span class='ocrx_word' id='word_1_9' title='bbox 541 199 640 244; x_wconf 92' lang='lat' dir='ltr'>quot</span> <span class='ocrx_word' id='word_1_10' title='bbox 659 194 784 232; x_wconf 92' lang='lat' dir='ltr'>habet</span> <span class='ocrx_word' id='word_1_11' title='bbox 802 198 962 240; x_wconf 86' lang='lat' dir='ltr'>natura,</span> <span class='ocrx_word' id='word_1_12' title='bbox 983 195 1146 240; x_wconf 85' lang='lat' dir='ltr'>colores,</span> 
     </span>
     <span class='ocr_line' id='line_1_3' title="bbox 198 255 1080 305; baseline 0.001 -13"><span class='ocrx_word' id='word_1_13' title='bbox 198 255 394 305; x_wconf 83' lang='lat' dir='ltr'>Pictaque</span> <span class='ocrx_word' id='word_1_14' title='bbox 415 256 605 293; x_wconf 83' lang='lat' dir='ltr'>dissimili</span> <span class='ocrx_word' id='word_1_15' title='bbox 625 256 721 293; x_wconf 90' lang='lat' dir='ltr'>flore</span> <span class='ocrx_word' id='word_1_16' title='bbox 741 256 900 293; x_wconf 89' lang='lat' dir='ltr'>nitebat</span> <span class='ocrx_word' id='word_1_17' title='bbox 919 256 1080 293; x_wconf 88' lang='lat' dir='ltr'>humus.</span> 
     </span>
     <span class='ocr_line' id='line_1_4' title="bbox 145 315 1255 367; baseline -0.001 -13"><span class='ocrx_word' id='word_1_18' title='bbox 145 315 276 364; x_wconf 81' lang='lat' dir='ltr'>Quam</span> <span class='ocrx_word' id='word_1_19' title='bbox 296 317 417 354; x_wconf 90' lang='lat' dir='ltr'>simul</span> <span class='ocrx_word' id='word_1_20' title='bbox 439 318 608 367; x_wconf 80' lang='lat' dir='ltr'>aspexit,</span> <span class='ocrx_word' id='word_1_21' title='bbox 631 320 653 336; x_wconf 78' lang='lat'>‘⁶</span> <span class='ocrx_word' id='word_1_22' title='bbox 671 317 863 362; x_wconf 76' lang='lat' dir='ltr'>Comites,</span> <span class='ocrx_word' id='word_1_23' title='bbox 885 317 1087 355; x_wconf 81' lang='lat' dir='ltr'>accedite!</span> <span class='ocrx_word' id='word_1_24' title='bbox 1106 316 1127 331; x_wconf 90' lang='lat'>&#39;’</span> <span class='ocrx_word' id='word_1_25' title='bbox 1149 316 1255 353; x_wconf 80' lang='lat' dir='ltr'>dixit</span> 
     </span>
     <span class='ocr_line' id='line_1_5' title="bbox 197 377 1108 429; baseline 0 -14"><span class='ocrx_word' id='word_1_26' title='bbox 197 380 218 396; x_wconf 76' lang='lat'>‘⁶</span> <span class='ocrx_word' id='word_1_27' title='bbox 236 378 289 415; x_wconf 80' lang='lat' dir='ltr'>Et</span> <span class='ocrx_word' id='word_1_28' title='bbox 309 392 466 416; x_wconf 90' lang='lat' dir='ltr'>mecum</span> <span class='ocrx_word' id='word_1_29' title='bbox 486 379 626 429; x_wconf 89' lang='lat' dir='ltr'>plenos</span> <span class='ocrx_word' id='word_1_30' title='bbox 646 379 742 416; x_wconf 88' lang='lat' dir='ltr'>flore</span> <span class='ocrx_word' id='word_1_31' title='bbox 762 379 910 416; x_wconf 84' lang='lat' dir='ltr'>referte</span> <span class='ocrx_word' id='word_1_32' title='bbox 931 379 1044 415; x_wconf 89' lang='lat' dir='ltr'>sinus</span> <span class='ocrx_word' id='word_1_33' title='bbox 1062 378 1069 416; x_wconf 72' lang='grc' dir='ltr'>ἱ</span> <span class='ocrx_word' id='word_1_34' title='bbox 1088 377 1108 392; x_wconf 87' lang='grc'>”</span> 
     </span>
     <span class='ocr_line' id='line_1_6' title="bbox 146 438 1308 490; baseline 0.001 -15"><span class='ocrx_word' id='word_1_35' title='bbox 146 438 303 477; x_wconf 87' lang='lat' dir='ltr'>Praeda</span> <span class='ocrx_word' id='word_1_36' title='bbox 324 440 524 489; x_wconf 81' lang='lat' dir='ltr'>puellares</span> <span class='ocrx_word' id='word_1_37' title='bbox 546 441 701 478; x_wconf 89' lang='lat' dir='ltr'>animos</span> <span class='ocrx_word' id='word_1_38' title='bbox 722 440 923 490; x_wconf 82' lang='lat' dir='ltr'>prolectat</span> <span class='ocrx_word' id='word_1_39' title='bbox 943 440 1089 485; x_wconf 85' lang='lat' dir='ltr'>inanis,</span> <span class='ocrx_word' id='word_1_40' title='bbox 1261 439 1308 476; x_wconf 82' lang='grc'>15</span> 
     </span>
     <span class='ocr_line' id='line_1_7' title="bbox 202 503 934 541; baseline 0.003 -2"><span class='ocrx_word' id='word_1_41' title='bbox 202 503 255 540; x_wconf 87' lang='lat' dir='ltr'>Et</span> <span class='ocrx_word' id='word_1_42' title='bbox 275 517 356 540; x_wconf 86' lang='lat' dir='ltr'>non</span> <span class='ocrx_word' id='word_1_43' title='bbox 375 504 553 541; x_wconf 84' lang='lat' dir='ltr'>sentitur</span> <span class='ocrx_word' id='word_1_44' title='bbox 571 504 790 541; x_wconf 67' lang='lat' dir='ltr'>sedulitate</span> <span class='ocrx_word' id='word_1_45' title='bbox 810 505 934 541; x_wconf 89' lang='lat' dir='ltr'>labor.</span> 
     </span>
     <span class='ocr_line' id='line_1_8' title="bbox 147 566 1127 617; baseline 0.001 -14"><span class='ocrx_word' id='word_1_46' title='bbox 147 566 259 604; x_wconf 88' lang='lat' dir='ltr'>Haec</span> <span class='ocrx_word' id='word_1_47' title='bbox 279 567 423 617; x_wconf 85' lang='lat' dir='ltr'>implet</span> <span class='ocrx_word' id='word_1_48' title='bbox 444 568 553 605; x_wconf 90' lang='lat' dir='ltr'>lento</span> <span class='ocrx_word' id='word_1_49' title='bbox 574 568 756 605; x_wconf 83' lang='lat' dir='ltr'>calathos</span> <span class='ocrx_word' id='word_1_50' title='bbox 777 581 798 605; x_wconf 90' lang='lat' dir='ltr'>e</span> <span class='ocrx_word' id='word_1_51' title='bbox 819 568 971 605; x_wconf 80' lang='lat' dir='ltr'>vimine</span> <span class='ocrx_word' id='word_1_52' title='bbox 991 580 1127 612; x_wconf 77' lang='lat' dir='ltr'>nexos,</span> 
     </span>
     <span class='ocr_line' id='line_1_9' title="bbox 200 628 1149 679; baseline 0.001 -14"><span class='ocrx_word' id='word_1_53' title='bbox 200 628 313 666; x_wconf 89' lang='lat' dir='ltr'>Haec</span> <span class='ocrx_word' id='word_1_54' title='bbox 333 630 545 679; x_wconf 85' lang='lat' dir='ltr'>gremium,</span> <span class='ocrx_word' id='word_1_55' title='bbox 568 629 678 666; x_wconf 82' lang='lat' dir='ltr'>laxos</span> <span class='ocrx_word' id='word_1_56' title='bbox 700 630 899 679; x_wconf 72' lang='lat' dir='ltr'>degravat</span> <span class='ocrx_word' id='word_1_57' title='bbox 918 629 991 666; x_wconf 89' lang='lat' dir='ltr'>illa</span> <span class='ocrx_word' id='word_1_58' title='bbox 1011 629 1123 666; x_wconf 88' lang='lat' dir='ltr'>sinus</span> <span class='ocrx_word' id='word_1_59' title='bbox 1142 644 1149 666; x_wconf 91' lang='lat'>:</span> 
     </span>
     <span class='ocr_line' id='line_1_10' title="bbox 146 689 1111 740; baseline 0.001 -14"><span class='ocrx_word' id='word_1_60' title='bbox 146 689 226 727; x_wconf 91' lang='lat' dir='ltr'>Illa</span> <span class='ocrx_word' id='word_1_61' title='bbox 245 690 345 740; x_wconf 82' lang='lat' dir='ltr'>legit</span> <span class='ocrx_word' id='word_1_62' title='bbox 366 690 535 735; x_wconf 86' lang='lat' dir='ltr'>calthas,</span> <span class='ocrx_word' id='word_1_63' title='bbox 557 691 652 728; x_wconf 92' lang='lat' dir='ltr'>huic</span> <span class='ocrx_word' id='word_1_64' title='bbox 672 695 768 728; x_wconf 89' lang='lat' dir='ltr'>sunt</span> <span class='ocrx_word' id='word_1_65' title='bbox 788 691 961 727; x_wconf 86' lang='lat' dir='ltr'>violaria</span> <span class='ocrx_word' id='word_1_66' title='bbox 980 703 1111 735; x_wconf 87' lang='lat' dir='ltr'>curae,</span> 
     </span>
     <span class='ocr_line' id='line_1_11' title="bbox 200 750 1312 802; baseline 0 -15"><span class='ocrx_word' id='word_1_67' title='bbox 200 751 279 788; x_wconf 83' lang='lat' dir='ltr'>Illa</span> <span class='ocrx_word' id='word_1_68' title='bbox 299 765 547 801; x_wconf 80' lang='lat' dir='ltr'>papavereas</span> <span class='ocrx_word' id='word_1_69' title='bbox 568 752 756 790; x_wconf 85' lang='lat' dir='ltr'>subsecat</span> <span class='ocrx_word' id='word_1_70' title='bbox 775 765 911 802; x_wconf 85' lang='lat' dir='ltr'>ungue</span> <span class='ocrx_word' id='word_1_71' title='bbox 932 765 1066 789; x_wconf 88' lang='lat' dir='ltr'>comas</span> <span class='ocrx_word' id='word_1_72' title='bbox 1084 767 1090 787; x_wconf 93' lang='lat'>:</span> <span class='ocrx_word' id='word_1_73' title='bbox 1261 750 1312 788; x_wconf 82' lang='lat'>20</span> 
     </span>
     <span class='ocr_line' id='line_1_12' title="bbox 148 812 1256 863; baseline 0 -14"><span class='ocrx_word' id='word_1_74' title='bbox 148 812 248 857; x_wconf 89' lang='lat' dir='ltr'>Has,</span> <span class='ocrx_word' id='word_1_75' title='bbox 270 813 503 863; x_wconf 70' lang='lat' dir='ltr'>hyacinthe,</span> <span class='ocrx_word' id='word_1_76' title='bbox 524 818 636 851; x_wconf 89' lang='lat' dir='ltr'>tenes</span> <span class='ocrx_word' id='word_1_77' title='bbox 654 830 662 859; x_wconf 88' lang='lat'>;</span> <span class='ocrx_word' id='word_1_78' title='bbox 692 814 796 859; x_wconf 85' lang='lat' dir='ltr'>illas,</span> <span class='ocrx_word' id='word_1_79' title='bbox 818 818 1040 858; x_wconf 84' lang='lat' dir='ltr'>amarante,</span> <span class='ocrx_word' id='word_1_80' title='bbox 1060 813 1231 850; x_wconf 87' lang='lat' dir='ltr'>moraris</span> <span class='ocrx_word' id='word_1_81' title='bbox 1250 829 1256 849; x_wconf 76' lang='grc' dir='ltr'>ε</span> 
     </span>
     <span class='ocr_line' id='line_1_13' title="bbox 201 873 1292 925; baseline 0 -15"><span class='ocrx_word' id='word_1_82' title='bbox 201 873 300 911; x_wconf 89' lang='lat' dir='ltr'>Pars</span> <span class='ocrx_word' id='word_1_83' title='bbox 322 875 476 924; x_wconf 76' lang='lat' dir='ltr'>thyma,</span> <span class='ocrx_word' id='word_1_84' title='bbox 497 888 591 925; x_wconf 87' lang='lat' dir='ltr'>pars</span> <span class='ocrx_word' id='word_1_85' title='bbox 613 875 775 920; x_wconf 88' lang='lat' dir='ltr'>casiam,</span> <span class='ocrx_word' id='word_1_86' title='bbox 796 888 890 925; x_wconf 86' lang='lat' dir='ltr'>pars</span> <span class='ocrx_word' id='word_1_87' title='bbox 911 875 1122 912; x_wconf 88' lang='lat' dir='ltr'>meliloton</span> <span class='ocrx_word' id='word_1_88' title='bbox 1141 878 1292 912; x_wconf 88' lang='lat' dir='ltr'>amant.</span> 
     </span>
     <span class='ocr_line' id='line_1_14' title="bbox 150 934 1311 982; baseline 0 -10"><span class='ocrx_word' id='word_1_89' title='bbox 150 934 333 973; x_wconf 87' lang='lat' dir='ltr'>Plurima</span> <span class='ocrx_word' id='word_1_90' title='bbox 354 936 457 973; x_wconf 83' lang='lat' dir='ltr'>lecta</span> <span class='ocrx_word' id='word_1_91' title='bbox 477 949 568 974; x_wconf 84' lang='lat' dir='ltr'>rosa</span> <span class='ocrx_word' id='word_1_92' title='bbox 588 941 674 982; x_wconf 89' lang='lat' dir='ltr'>est;</span> <span class='ocrx_word' id='word_1_93' title='bbox 704 941 801 974; x_wconf 89' lang='lat' dir='ltr'>sunt</span> <span class='ocrx_word' id='word_1_94' title='bbox 821 940 861 974; x_wconf 88' lang='lat' dir='ltr'>et</span> <span class='ocrx_word' id='word_1_95' title='bbox 881 936 967 974; x_wconf 86' lang='lat' dir='ltr'>sine</span> <span class='ocrx_word' id='word_1_96' title='bbox 990 937 1154 974; x_wconf 83' lang='lat' dir='ltr'>nomine</span> <span class='ocrx_word' id='word_1_97' title='bbox 1182 936 1311 973; x_wconf 86' lang='lat' dir='ltr'>flores.</span> 
     </span>
     <span class='ocr_line' id='line_1_15' title="bbox 203 997 1046 1048; baseline 0.001 -15"><span class='ocrx_word' id='word_1_98' title='bbox 203 997 300 1047; x_wconf 88' lang='lat' dir='ltr'>Ipsa</span> <span class='ocrx_word' id='word_1_99' title='bbox 319 1010 452 1035; x_wconf 85' lang='lat' dir='ltr'>crocos</span> <span class='ocrx_word' id='word_1_100' title='bbox 473 1003 613 1035; x_wconf 87' lang='lat' dir='ltr'>tenues</span> <span class='ocrx_word' id='word_1_101' title='bbox 634 998 800 1048; x_wconf 87' lang='lat' dir='ltr'>liliaque</span> <span class='ocrx_word' id='word_1_102' title='bbox 821 997 914 1035; x_wconf 88' lang='lat' dir='ltr'>alba</span> <span class='ocrx_word' id='word_1_103' title='bbox 933 998 1046 1048; x_wconf 83' lang='lat' dir='ltr'>legit.</span> 
     </span>
    </p>
   </div>
   <div class='ocr_carea' id='block_1_3' title="bbox 85 1145 1270 1257">
    <p class='ocr_par' dir='ltr' id='par_1_3' title="bbox 85 1145 1270 1257">
     <span class='ocr_line' id='line_1_16' title="bbox 85 1145 1270 1195; baseline -0.001 -11"><span class='ocrx_word' id='word_1_104' title='bbox 85 1145 146 1195; x_wconf 88' lang='lat' dir='ltr'>(b)</span> <span class='ocrx_word' id='word_1_105' title='bbox 178 1145 276 1183; x_wconf 87' lang='lat' dir='ltr'>How</span> <span class='ocrx_word' id='word_1_106' title='bbox 297 1147 358 1182; x_wconf 78' lang='lat' dir='ltr'>the</span> <span class='ocrx_word' id='word_1_107' title='bbox 381 1146 462 1184; x_wconf 76' lang='lat' dir='ltr'>God</span> <span class='ocrx_word' id='word_1_108' title='bbox 482 1145 524 1195; x_wconf 86' lang='lat' dir='ltr'>of</span> <span class='ocrx_word' id='word_1_109' title='bbox 541 1146 597 1182; x_wconf 73' lang='lat' dir='ltr'>the</span> <span class='ocrx_word' id='word_1_110' title='bbox 617 1146 730 1183; x_wconf 75' lang='lat' dir='ltr'>Dead</span> <span class='ocrx_word' id='word_1_111' title='bbox 750 1146 902 1183; x_wconf 79' lang='lat' dir='ltr'>carried</span> <span class='ocrx_word' id='word_1_112' title='bbox 923 1146 988 1183; x_wconf 71' lang='lat' dir='ltr'>Iler</span> <span class='ocrx_word' id='word_1_113' title='bbox 1007 1147 1068 1195; x_wconf 85' lang='lat' dir='ltr'>off,</span> <span class='ocrx_word' id='word_1_114' title='bbox 1089 1145 1168 1182; x_wconf 78' lang='lat' dir='ltr'>and</span> <span class='ocrx_word' id='word_1_115' title='bbox 1189 1145 1270 1183; x_wconf 76' lang='lat' dir='ltr'>how</span> 
     </span>
     <span class='ocr_line' id='line_1_17' title="bbox 301 1207 1047 1257; baseline 0.003 -14"><span class='ocrx_word' id='word_1_116' title='bbox 301 1208 367 1244; x_wconf 81' lang='lat' dir='ltr'>her</span> <span class='ocrx_word' id='word_1_117' title='bbox 388 1207 538 1244; x_wconf 79' lang='lat' dir='ltr'>Mother</span> <span class='ocrx_word' id='word_1_118' title='bbox 557 1208 691 1256; x_wconf 76' lang='lat' dir='ltr'>souqht</span> <span class='ocrx_word' id='word_1_119' title='bbox 705 1207 773 1257; x_wconf 85' lang='lat' dir='ltr'>for</span> <span class='ocrx_word' id='word_1_120' title='bbox 793 1208 858 1244; x_wconf 80' lang='lat' dir='ltr'>her</span> <span class='ocrx_word' id='word_1_121' title='bbox 878 1208 920 1245; x_wconf 80' lang='lat' dir='ltr'>in</span> <span class='ocrx_word' id='word_1_122' title='bbox 941 1207 1047 1245; x_wconf 78' lang='lat' dir='ltr'>vain.</span> 
     </span>
    </p>
   </div>
   <div class='ocr_carea' id='block_1_4' title="bbox 44 1289 1325 2248">
    <p class='ocr_par' dir='ltr' id='par_1_4' title="bbox 44 1289 1325 2248">
     <span class='ocr_line' id='line_1_18' title="bbox 44 1289 1042 1342; baseline -0.002 -11"><span class='ocrx_word' id='word_1_123' title='bbox 44 1289 106 1331; x_wconf 87' lang='grc'>36.</span> <span class='ocrx_word' id='word_1_124' title='bbox 153 1290 359 1342; x_wconf 82' lang='lat' dir='ltr'>Carpendi</span> <span class='ocrx_word' id='word_1_125' title='bbox 380 1291 519 1329; x_wconf 85' lang='lat' dir='ltr'>studio</span> <span class='ocrx_word' id='word_1_126' title='bbox 540 1292 742 1342; x_wconf 88' lang='lat' dir='ltr'>paulatim</span> <span class='ocrx_word' id='word_1_127' title='bbox 762 1292 924 1342; x_wconf 83' lang='lat' dir='ltr'>longius</span> <span class='ocrx_word' id='word_1_128' title='bbox 945 1292 1042 1337; x_wconf 89' lang='lat' dir='ltr'>itur,</span> 
     </span>
     <span class='ocr_line' id='line_1_19' title="bbox 205 1353 1060 1391; baseline 0.001 -2"><span class='ocrx_word' id='word_1_129' title='bbox 205 1353 259 1389; x_wconf 89' lang='lat' dir='ltr'>Et</span> <span class='ocrx_word' id='word_1_130' title='bbox 279 1353 485 1390; x_wconf 87' lang='lat' dir='ltr'>dominam</span> <span class='ocrx_word' id='word_1_131' title='bbox 506 1366 602 1390; x_wconf 86' lang='lat' dir='ltr'>casu</span> <span class='ocrx_word' id='word_1_132' title='bbox 621 1354 737 1391; x_wconf 90' lang='lat' dir='ltr'>nulla</span> <span class='ocrx_word' id='word_1_133' title='bbox 756 1358 896 1391; x_wconf 81' lang='lat' dir='ltr'>secuta</span> <span class='ocrx_word' id='word_1_134' title='bbox 916 1367 1060 1391; x_wconf 88' lang='lat' dir='ltr'>comes.</span> 
     </span>
     <span class='ocr_line' id='line_1_20' title="bbox 152 1413 1196 1464; baseline 0.001 -14"><span class='ocrx_word' id='word_1_135' title='bbox 152 1413 271 1450; x_wconf 89' lang='lat' dir='ltr'>Hanc</span> <span class='ocrx_word' id='word_1_136' title='bbox 292 1413 405 1450; x_wconf 67' lang='lat' dir='ltr'>videt</span> <span class='ocrx_word' id='word_1_137' title='bbox 425 1418 465 1451; x_wconf 86' lang='lat' dir='ltr'>et</span> <span class='ocrx_word' id='word_1_138' title='bbox 485 1414 617 1451; x_wconf 81' lang='lat' dir='ltr'>visam</span> <span class='ocrx_word' id='word_1_139' title='bbox 637 1419 809 1464; x_wconf 87' lang='lat' dir='ltr'>patruus</span> <span class='ocrx_word' id='word_1_140' title='bbox 831 1415 1027 1452; x_wconf 84' lang='lat' dir='ltr'>velociter</span> <span class='ocrx_word' id='word_1_141' title='bbox 1047 1414 1196 1460; x_wconf 77' lang='lat' dir='ltr'>aufert,</span> 
     </span>
     <span class='ocr_line' id='line_1_21' title="bbox 207 1475 1102 1526; baseline 0.001 -15"><span class='ocrx_word' id='word_1_142' title='bbox 207 1475 429 1525; x_wconf 86' lang='lat' dir='ltr'>Regnaque</span> <span class='ocrx_word' id='word_1_143' title='bbox 445 1475 641 1512; x_wconf 81' lang='lat' dir='ltr'>caeruleis</span> <span class='ocrx_word' id='word_1_144' title='bbox 661 1476 704 1512; x_wconf 91' lang='lat' dir='ltr'>in</span> <span class='ocrx_word' id='word_1_145' title='bbox 725 1489 799 1513; x_wconf 91' lang='lat' dir='ltr'>sua</span> <span class='ocrx_word' id='word_1_146' title='bbox 818 1480 957 1526; x_wconf 86' lang='lat' dir='ltr'>portat</span> <span class='ocrx_word' id='word_1_147' title='bbox 978 1475 1102 1524; x_wconf 87' lang='lat' dir='ltr'>equis.</span> 
     </span>
     <span class='ocr_line' id='line_1_22' title="bbox 152 1535 1314 1585; baseline 0 -13"><span class='ocrx_word' id='word_1_148' title='bbox 152 1535 232 1573; x_wconf 92' lang='lat' dir='ltr'>Illa</span> <span class='ocrx_word' id='word_1_149' title='bbox 251 1536 417 1585; x_wconf 88' lang='lat' dir='ltr'>quidem</span> <span class='ocrx_word' id='word_1_150' title='bbox 437 1536 641 1573; x_wconf 84' lang='lat' dir='ltr'>clamabat</span> <span class='ocrx_word' id='word_1_151' title='bbox 662 1539 683 1554; x_wconf 83' lang='lat'>“</span> <span class='ocrx_word' id='word_1_152' title='bbox 702 1537 758 1580; x_wconf 86' lang='lat' dir='ltr'>Io,</span> <span class='ocrx_word' id='word_1_153' title='bbox 781 1537 994 1575; x_wconf 89' lang='lat' dir='ltr'>carissima</span> <span class='ocrx_word' id='word_1_154' title='bbox 1014 1540 1157 1581; x_wconf 85' lang='lat' dir='ltr'>mater,</span> <span class='ocrx_word' id='word_1_155' title='bbox 1290 1536 1314 1573; x_wconf 83' lang='lat'>5</span> 
     </span>
     <span class='ocr_line' id='line_1_23' title="bbox 207 1597 1180 1647; baseline 0 -13"><span class='ocrx_word' id='word_1_156' title='bbox 207 1597 406 1634; x_wconf 83' lang='lat' dir='ltr'>Auferor!</span> <span class='ocrx_word' id='word_1_157' title='bbox 435 1597 455 1610; x_wconf 88' lang='lat'>’&#39;</span> <span class='ocrx_word' id='word_1_158' title='bbox 485 1597 577 1647; x_wconf 92' lang='lat' dir='ltr'>ipsa</span> <span class='ocrx_word' id='word_1_159' title='bbox 596 1610 688 1634; x_wconf 92' lang='lat' dir='ltr'>suos</span> <span class='ocrx_word' id='word_1_160' title='bbox 710 1598 1023 1647; x_wconf 81' lang='lat' dir='ltr'>abscideratque</span> <span class='ocrx_word' id='word_1_161' title='bbox 1044 1597 1180 1634; x_wconf 85' lang='lat' dir='ltr'>sinus:</span> 
     </span>
     <span class='ocr_line' id='line_1_24' title="bbox 155 1657 1157 1708; baseline 0 -13"><span class='ocrx_word' id='word_1_162' title='bbox 155 1657 359 1696; x_wconf 78' lang='lat' dir='ltr'>Panditur</span> <span class='ocrx_word' id='word_1_163' title='bbox 378 1658 534 1696; x_wconf 81' lang='lat' dir='ltr'>interea</span> <span class='ocrx_word' id='word_1_164' title='bbox 555 1658 644 1695; x_wconf 87' lang='lat' dir='ltr'>Diti</span> <span class='ocrx_word' id='word_1_165' title='bbox 664 1659 744 1703; x_wconf 85' lang='lat' dir='ltr'>via,</span> <span class='ocrx_word' id='word_1_166' title='bbox 767 1672 942 1708; x_wconf 88' lang='lat' dir='ltr'>namque</span> <span class='ocrx_word' id='word_1_167' title='bbox 963 1659 1157 1696; x_wconf 86' lang='lat' dir='ltr'>diurnum</span> 
     </span>
     <span class='ocr_line' id='line_1_25' title="bbox 208 1719 1038 1769; baseline 0 -13"><span class='ocrx_word' id='word_1_168' title='bbox 208 1719 366 1757; x_wconf 87' lang='lat' dir='ltr'>Lumen</span> <span class='ocrx_word' id='word_1_169' title='bbox 385 1720 583 1757; x_wconf 88' lang='lat' dir='ltr'>inassueti</span> <span class='ocrx_word' id='word_1_170' title='bbox 603 1719 673 1756; x_wconf 82' lang='lat' dir='ltr'>vix</span> <span class='ocrx_word' id='word_1_171' title='bbox 693 1720 913 1769; x_wconf 87' lang='lat' dir='ltr'>patiuntur</span> <span class='ocrx_word' id='word_1_172' title='bbox 933 1720 1038 1769; x_wconf 88' lang='lat' dir='ltr'>equi.</span> 
     </span>
     <span class='ocr_line' id='line_1_26' title="bbox 155 1781 1210 1830; baseline 0.001 -12"><span class='ocrx_word' id='word_1_173' title='bbox 155 1781 215 1818; x_wconf 90' lang='lat' dir='ltr'>At</span> <span class='ocrx_word' id='word_1_174' title='bbox 234 1781 380 1818; x_wconf 86' lang='lat' dir='ltr'>chorus</span> <span class='ocrx_word' id='word_1_175' title='bbox 401 1781 594 1830; x_wconf 89' lang='lat' dir='ltr'>aequalis,</span> <span class='ocrx_word' id='word_1_176' title='bbox 616 1781 848 1819; x_wconf 90' lang='lat' dir='ltr'>cumulatae</span> <span class='ocrx_word' id='word_1_177' title='bbox 868 1782 964 1819; x_wconf 87' lang='lat' dir='ltr'>flore</span> <span class='ocrx_word' id='word_1_178' title='bbox 985 1781 1210 1827; x_wconf 84' lang='lat' dir='ltr'>ministrae,</span> 
     </span>
     <span class='ocr_line' id='line_1_27' title="bbox 211 1842 1318 1892; baseline 0 -13"><span class='ocrx_word' id='word_1_179' title='bbox 211 1846 232 1860; x_wconf 89' lang='lat'>“</span> <span class='ocrx_word' id='word_1_180' title='bbox 248 1842 543 1892; x_wconf 86' lang='lat' dir='ltr'>Persephone‚”</span> <span class='ocrx_word' id='word_1_181' title='bbox 564 1843 744 1882; x_wconf 85' lang='lat' dir='ltr'>clamant</span> <span class='ocrx_word' id='word_1_182' title='bbox 766 1846 787 1861; x_wconf 90' lang='grc'>“</span> <span class='ocrx_word' id='word_1_183' title='bbox 803 1843 855 1880; x_wconf 86' lang='lat' dir='ltr'>ad</span> <span class='ocrx_word' id='word_1_184' title='bbox 875 1847 948 1880; x_wconf 85' lang='lat' dir='ltr'>tua</span> <span class='ocrx_word' id='word_1_185' title='bbox 967 1843 1074 1880; x_wconf 91' lang='lat' dir='ltr'>dona</span> <span class='ocrx_word' id='word_1_186' title='bbox 1093 1843 1187 1880; x_wconf 81' lang='lat' dir='ltr'>veni</span> <span class='ocrx_word' id='word_1_187' title='bbox 1206 1843 1212 1879; x_wconf 77' lang='lat'>1</span> <span class='ocrx_word' id='word_1_188' title='bbox 1231 1842 1251 1856; x_wconf 91' lang='lat'>’&#39;</span> <span class='ocrx_word' id='word_1_189' title='bbox 1268 1842 1318 1880; x_wconf 91' lang='grc'>10</span> 
     </span>
     <span class='ocr_line' id='line_1_28' title="bbox 158 1904 1186 1954; baseline -0.002 -12"><span class='ocrx_word' id='word_1_190' title='bbox 158 1904 217 1942; x_wconf 89' lang='lat' dir='ltr'>Ut</span> <span class='ocrx_word' id='word_1_191' title='bbox 237 1904 413 1942; x_wconf 86' lang='lat' dir='ltr'>clamata</span> <span class='ocrx_word' id='word_1_192' title='bbox 437 1905 543 1950; x_wconf 89' lang='lat' dir='ltr'>silet,</span> <span class='ocrx_word' id='word_1_193' title='bbox 565 1909 724 1942; x_wconf 85' lang='lat' dir='ltr'>montes</span> <span class='ocrx_word' id='word_1_194' title='bbox 746 1904 978 1942; x_wconf 83' lang='lat' dir='ltr'>ululatibus</span> <span class='ocrx_word' id='word_1_195' title='bbox 999 1904 1186 1954; x_wconf 91' lang='lat' dir='ltr'>implent,</span> 
     </span>
     <span class='ocr_line' id='line_1_29' title="bbox 212 1965 1130 2016; baseline 0 -14"><span class='ocrx_word' id='word_1_196' title='bbox 212 1965 266 2002; x_wconf 86' lang='lat' dir='ltr'>Et</span> <span class='ocrx_word' id='word_1_197' title='bbox 285 1966 439 2003; x_wconf 80' lang='lat' dir='ltr'>feriunt</span> <span class='ocrx_word' id='word_1_198' title='bbox 459 1972 639 2003; x_wconf 85' lang='lat' dir='ltr'>maestae</span> <span class='ocrx_word' id='word_1_199' title='bbox 658 1971 825 2016; x_wconf 86' lang='lat' dir='ltr'>pectora</span> <span class='ocrx_word' id='word_1_200' title='bbox 843 1966 955 2002; x_wconf 88' lang='lat' dir='ltr'>nuda</span> <span class='ocrx_word' id='word_1_201' title='bbox 974 1978 1130 2002; x_wconf 91' lang='lat' dir='ltr'>manus.</span> 
     </span>
     <span class='ocr_line' id='line_1_30' title="bbox 158 2025 1317 2076; baseline -0.002 -13"><span class='ocrx_word' id='word_1_202' title='bbox 158 2026 351 2063; x_wconf 86' lang='lat' dir='ltr'>Attonita</span> <span class='ocrx_word' id='word_1_203' title='bbox 359 2032 421 2063; x_wconf 89' lang='lat' dir='ltr'>est</span> <span class='ocrx_word' id='word_1_204' title='bbox 429 2025 912 2076; x_wconf 85' lang='lat' dir='ltr'>plangoreCeres,-modo</span> <span class='ocrx_word' id='word_1_205' title='bbox 920 2030 1088 2063; x_wconf 87' lang='lat' dir='ltr'>venerat</span> <span class='ocrx_word' id='word_1_206' title='bbox 1102 2025 1317 2062; x_wconf 90' lang='lat' dir='ltr'>Hennam-</span> 
     </span>
     <span class='ocr_line' id='line_1_31' title="bbox 212 2085 1316 2133; baseline -0.002 -8"><span class='ocrx_word' id='word_1_207' title='bbox 212 2087 298 2125; x_wconf 88' lang='lat' dir='ltr'>Nec</span> <span class='ocrx_word' id='word_1_208' title='bbox 311 2100 435 2133; x_wconf 85' lang='lat' dir='ltr'>mora,</span> <span class='ocrx_word' id='word_1_209' title='bbox 454 2090 475 2105; x_wconf 79' lang='lat'>‘⁶</span> <span class='ocrx_word' id='word_1_210' title='bbox 492 2087 559 2125; x_wconf 91' lang='lat' dir='ltr'>Me</span> <span class='ocrx_word' id='word_1_211' title='bbox 576 2088 769 2125; x_wconf 83' lang='lat' dir='ltr'>misera-m</span> <span class='ocrx_word' id='word_1_212' title='bbox 788 2087 795 2124; x_wconf 71' lang='grc' dir='ltr'>ἔ</span> <span class='ocrx_word' id='word_1_213' title='bbox 818 2087 940 2133; x_wconf 71' lang='lat' dir='ltr'>filia,’‘</span> <span class='ocrx_word' id='word_1_214' title='bbox 959 2087 1066 2124; x_wconf 84' lang='lat' dir='ltr'>dixit</span> <span class='ocrx_word' id='word_1_215' title='bbox 1080 2089 1101 2104; x_wconf 93' lang='lat'>“</span> <span class='ocrx_word' id='word_1_216' title='bbox 1116 2086 1186 2123; x_wconf 88' lang='lat' dir='ltr'>ubi</span> <span class='ocrx_word' id='word_1_217' title='bbox 1203 2099 1244 2124; x_wconf 87' lang='lat' dir='ltr'>es</span> <span class='ocrx_word' id='word_1_218' title='bbox 1262 2085 1279 2123; x_wconf 61' lang='grc' dir='ltr'>ἓ</span> <span class='ocrx_word' id='word_1_219' title='bbox 1296 2085 1316 2099; x_wconf 87' lang='grc'><em>”</em></span> 
     </span>
     <span class='ocr_line' id='line_1_32' title="bbox 161 2148 1325 2199; baseline 0 -13"><span class='ocrx_word' id='word_1_220' title='bbox 161 2148 313 2186; x_wconf 87' lang='lat' dir='ltr'>Mentis</span> <span class='ocrx_word' id='word_1_221' title='bbox 333 2149 449 2199; x_wconf 85' lang='lat' dir='ltr'>inops</span> <span class='ocrx_word' id='word_1_222' title='bbox 470 2149 641 2199; x_wconf 85' lang='lat' dir='ltr'>rapitur,</span> <span class='ocrx_word' id='word_1_223' title='bbox 663 2149 802 2199; x_wconf 87' lang='lat' dir='ltr'>quales</span> <span class='ocrx_word' id='word_1_224' title='bbox 823 2149 964 2186; x_wconf 82' lang='lat' dir='ltr'>audire</span> <span class='ocrx_word' id='word_1_225' title='bbox 985 2149 1160 2186; x_wconf 88' lang='lat' dir='ltr'>solemus</span> <span class='ocrx_word' id='word_1_226' title='bbox 1272 2148 1325 2186; x_wconf 75' lang='lat'>15</span> 
     </span>
     <span class='ocr_line' id='line_1_33' title="bbox 215 2209 1023 2248; baseline 0.001 -1"><span class='ocrx_word' id='word_1_227' title='bbox 215 2209 424 2248; x_wconf 79' lang='lat' dir='ltr'>Threicias</span> <span class='ocrx_word' id='word_1_228' title='bbox 444 2210 548 2248; x_wconf 86' lang='lat' dir='ltr'>fusis</span> <span class='ocrx_word' id='word_1_229' title='bbox 569 2211 786 2248; x_wconf 87' lang='lat' dir='ltr'>maenadas</span> <span class='ocrx_word' id='word_1_230' title='bbox 807 2211 866 2248; x_wconf 89' lang='lat' dir='ltr'>ire</span> <span class='ocrx_word' id='word_1_231' title='bbox 887 2211 1023 2248; x_wconf 90' lang='lat' dir='ltr'>comis.</span> 
     </span>
    </p>
   </div>
  </div>
 </body>
</html>
