1491 2390
471 86 599 126 ovm's
629 97 754 124 EARLY
784 98 893 125 DAYs.
1267 88 1317 126 69

433 237 588 276 Ovid’s
621 238 764 285 Early
791 239 929 285 Days.

45 321 107 363 59.
152 323 229 362 Ille
249 336 323 374 ego
342 323 414 373 qui
433 322 594 368 fuerim,
616 328 849 360 tenerorum
869 323 982 361 lusor
1001 337 1198 370 amorum,

205 383 336 431 Quem
356 385 470 434 legis,
490 388 538 421 ut
557 385 679 429 noris,
701 385 838 434 accipe
858 385 1090 435 posteritas.

153 444 294 483 Sulmo
315 446 417 483 mihi
438 446 573 497 patria
593 449 664 487 est,
686 446 833 496 gelidis
853 446 1084 484 uberrimus
1104 447 1239 494 undis,

205 507 324 545 Milia
342 508 412 557 qui
432 508 571 544 novies
593 507 721 544 distat
741 507 792 544 ab
813 507 925 544 Urbe
946 508 1096 545 decem.

154 567 300 606 Editus
321 569 388 606 hic
408 582 481 619 ego
502 581 614 613 sum3
644 581 717 606 nec
737 582 819 605 non
840 573 886 605 ut
906 573 1091 619 tempora
1111 569 1234 615 noris,
1293 570 1316 608 5

205 629 310 668 Cum
331 630 477 668 cecidit
495 630 582 667 fato
602 630 743 667 consul
763 633 934 679 uterque
954 630 1056 680 pari.

151 690 298 742 Siquid
317 692 360 729 id
380 696 452 737 est,
473 704 600 741 usque
621 704 644 728 a
663 691 826 742 proavis
846 695 965 728 vetus
986 692 1140 729 ordinis
1161 692 1292 738 heres,

204 754 297 791 Non
317 754 435 791 modo
456 753 645 790 fortunae
666 766 832 790 munere
852 753 987 790 faetus
1009 767 1142 802 eques.

149 814 235 853 Neo
256 815 381 865 stirps
403 815 535 865 prima
554 814 639 859 fui3
669 815 808 863 genito
829 827 919 851 sum
938 815 1068 852 fratre
1088 819 1262 860 creatus,

204 876 284 924 Qui
304 877 436 914 tribus
458 881 552 913 ante
571 880 717 925 quater
735 876 944 913 mensibus
965 880 1078 913 ortus
1099 880 1198 914 erat.
1266 876 1316 914 10

153 938 318 976 Lucifer
336 938 548 976 amborum
567 937 775 974 natalibus
797 938 917 974 affuit
937 938 1046 974 idem
1063 953 1072 983 ;

204 1001 298 1038 Una
317 999 521 1038 celebrata
541 1003 603 1037 est
622 1013 696 1050 per
715 999 794 1036 (luo
815 999 899 1036 liba
919 999 1028 1036 dies:

151 1062 264 1100 Haec
284 1065 346 1099 est
366 1061 582 1099 armiferae
601 1061 719 1098 festis
741 1061 789 1098 de
810 1061 988 1111 quinque
1009 1061 1235 1107 Minervae,

205 1123 318 1170 Quae
339 1123 426 1160 fieri
446 1136 586 1173 pugna
605 1123 738 1173 prima
758 1129 928 1160 cruenta
948 1123 1062 1160 solet.

154 1184 345 1222 Protinus
367 1185 590 1222 excolimur
609 1185 751 1228 teneri,
774 1198 950 1233 cura-que
971 1185 1154 1234 parentis
1267 1184 1315 1222 15

203 1247 315 1283 Imus
337 1247 390 1284 ad
409 1247 589 1296 insignes
609 1246 736 1283 Urbis
758 1246 808 1283 ab
829 1253 916 1283 arte
938 1247 1058 1283 viros.

152 1308 297 1346 Frater
315 1309 367 1346 ad
387 1308 592 1358 eloquium
612 1308 736 1345 viridi
757 1308 952 1345 tendebat
973 1308 1023 1345 ab
1045 1321 1155 1353 aevo,

204 1370 344 1407 Fortia
364 1370 523 1407 verbosi
546 1377 668 1406 natus
690 1370 742 1407 ad
762 1383 876 1407 arma
895 1370 975 1407 fori
992 1385 1000 1415 ;

149 1431 207 1470 At
227 1431 329 1469 mihi
349 1431 431 1468 iam
452 1445 576 1482 puero
598 1432 789 1469 caelestia
808 1445 923 1468 sacra
945 1431 1175 1481 placebant,

203 1493 331 1543 Inque
353 1507 472 1530 suum
490 1493 637 1529 furtim
658 1493 777 1530 Musa
798 1493 989 1530 trahebat
1009 1506 1122 1542 opus.
1266 1492 1317 1530 20

150 1553 281 1605 Saepe
301 1560 420 1606 pater
439 1555 545 1591 dixit
566 1557 587 1573 “
607 1554 799 1592 Studium
815 1555 914 1604 quid
934 1555 1080 1591 inutile
1101 1557 1281 1606 temptas
1298 1553 1316 1593 P

205 1616 440 1654 Maeonides
462 1616 596 1653 nullas
617 1616 704 1666 ipse
725 1616 893 1665 reliquit
913 1615 1048 1666 opes.''

150 1677 287 1716 Motus
309 1692 419 1715 eram
440 1678 573 1721 (lictis,
595 1682 760 1727 totoque
782 1677 979 1715 Helicone
999 1678 1141 1715 relicto

206 1739 389 1777 Scribere
412 1739 664 1789 temptabam
684 1740 810 1777 verba
830 1739 962 1777 soluta
984 1739 1126 1776 modis.

151 1799 306 1852 Sponte
328 1814 401 1838 sua
421 1814 582 1838 carmen
602 1815 790 1838 numeros
812 1800 1001 1838 veniebat
1023 1801 1074 1837 ad
1094 1804 1224 1850 aptos,
1266 1801 1315 1837 25

204 1863 258 1899 Et
278 1862 385 1913 quod
405 1862 657 1912 temptabam
678 1863 864 1906 scribere,
887 1875 1028 1900 versus
1050 1869 1147 1899 erat.

150 1923 315 1962 Interea
336 1924 460 1961 tacito
481 1936 604 1973 passu
625 1924 858 1961 labentibus
880 1924 996 1961 annis

205 1985 391 2023 Liben'or
409 1985 530 2022 fratri
550 1990 715 2036 sumpta
735 1986 917 2036 mihique
939 1991 1033 2035 toga
1054 1989 1127 2030 est,

150 2047 422 2097 Induiturque
443 2047 594 2084 umeris
615 2061 705 2085 cum
728 2047 809 2084 lato
830 2061 1014 2098 purpura
1034 2048 1160 2092 clavo,

204 2109 258 2146 Et
278 2109 461 2146 studium
481 2109 609 2148 nobis.
631 2109 737 2159 quod
756 2109 837 2145 fuit
859 2114 964 2151 ante,
986 2115 1135 2146 manet.
1264 2108 1314 2148 30

151 2169 318 2221 Iamque
339 2170 477 2207 decem
498 2170 607 2207 vitae
626 2171 756 2207 frater
775 2171 1056 2220 geminaverat
1077 2184 1215 2216 annos,

204 2230 309 2270 Cum
329 2232 449 2280 perit,
470 2236 511 2269 et
531 2231 644 2282 coepi
665 2237 781 2281 parte
801 2245 937 2270 carere
958 2232 1048 2269 mei.
