<?xml version="1.0" encoding="UTF-8"?>
<!DOCTYPE html PUBLIC "-//W3C//DTD XHTML 1.0 Transitional//EN"
    "http://www.w3.org/TR/xhtml1/DTD/xhtml1-transitional.dtd">
<html xmlns="http://www.w3.org/1999/xhtml" xml:lang="en" lang="en">
 <head>
  <title>
</title>
<meta http-equiv="Content-Type" content="text/html;charset=utf-8" />
  <meta name='ocr-system' content='tesseract 3.04.00' />
  <meta name='ocr-capabilities' content='ocr_page ocr_carea ocr_par ocr_line ocrx_word'/>
</head>
<body>
  <div class='ocr_page' id='page_1' title='image "./storiesfromovid00oviduoft_0053.png"; bbox 0 0 1491 2390; ppageno 0'>
   <div class='ocr_carea' id='block_1_1' title="bbox 18 1924 80 1965">
    <p class='ocr_par' dir='ltr' id='par_1_1' title="bbox 18 1924 80 1965">
     <span class='ocr_line' id='line_1_1' title="bbox 18 1924 80 1965; baseline -0.032 0"><span class='ocrx_word' id='word_1_1' title='bbox 18 1924 80 1965; x_wconf 88' lang='lat'>38.</span> 
     </span>
    </p>
   </div>
   <div class='ocr_carea' id='block_1_2' title="bbox 279 103 1283 142">
    <p class='ocr_par' dir='ltr' id='par_1_2' title="bbox 279 103 1283 142">
     <span class='ocr_line' id='line_1_2' title="bbox 279 103 1283 142; baseline 0 -2"><span class='ocrx_word' id='word_1_2' title='bbox 279 115 549 142; x_wconf 44' lang='lat' dir='ltr'>WINTERmeE</span> <span class='ocrx_word' id='word_1_3' title='bbox 580 115 627 141; x_wconf 75' lang='grc' dir='ltr'>ΒΥ</span> <span class='ocrx_word' id='word_1_4' title='bbox 655 115 732 141; x_wconf 74' lang='lat' dir='ltr'>Tm:</span> <span class='ocrx_word' id='word_1_5' title='bbox 762 115 885 142; x_wconf 78' lang='lat' dir='ltr'>BLACK</span> <span class='ocrx_word' id='word_1_6' title='bbox 915 115 995 142; x_wconf 80' lang='lat' dir='ltr'>SEA.</span> <span class='ocrx_word' id='word_1_7' title='bbox 1231 103 1283 140; x_wconf 86' lang='lat'>49</span> 
     </span>
    </p>
   </div>
   <div class='ocr_carea' id='block_1_3' title="bbox 121 218 1285 1062">
    <p class='ocr_par' dir='ltr' id='par_1_3' title="bbox 121 218 1283 392">
     <span class='ocr_line' id='line_1_3' title="bbox 121 218 1237 259; baseline -0.004 0"><span class='ocrx_word' id='word_1_8' title='bbox 121 221 173 259; x_wconf 89' lang='lat' dir='ltr'>In</span> <span class='ocrx_word' id='word_1_9' title='bbox 191 220 394 258; x_wconf 83' lang='lat' dir='ltr'><strong>thalamos</strong></span> <span class='ocrx_word' id='word_1_10' title='bbox 415 232 560 257; x_wconf 69' lang='lat' dir='ltr'>venere</span> <span class='ocrx_word' id='word_1_11' title='bbox 582 218 743 256; x_wconf 83' lang='lat' dir='ltr'>Procae.</span> <span class='ocrx_word' id='word_1_12' title='bbox 803 219 931 256; x_wconf 82' lang='lat' dir='ltr'>Proca</span> <span class='ocrx_word' id='word_1_13' title='bbox 950 223 1071 256; x_wconf 80' lang='lat' dir='ltr'>natus</span> <span class='ocrx_word' id='word_1_14' title='bbox 1092 219 1135 255; x_wconf 89' lang='lat' dir='ltr'>in</span> <span class='ocrx_word' id='word_1_15' title='bbox 1155 219 1237 256; x_wconf 85' lang='lat' dir='ltr'>illis</span> 
     </span>
     <span class='ocr_line' id='line_1_4' title="bbox 179 279 1195 330; baseline -0.001 -12"><span class='ocrx_word' id='word_1_16' title='bbox 179 281 359 330; x_wconf 86' lang='lat' dir='ltr'>(Praeda</span> <span class='ocrx_word' id='word_1_17' title='bbox 378 293 518 318; x_wconf 85' lang='lat' dir='ltr'>recens</span> <span class='ocrx_word' id='word_1_18' title='bbox 539 279 698 328; x_wconf 72' lang='lat' dir='ltr'>avium)</span> <span class='ocrx_word' id='word_1_19' title='bbox 721 280 900 329; x_wconf 89' lang='lat' dir='ltr'>quinque</span> <span class='ocrx_word' id='word_1_20' title='bbox 922 280 1065 317; x_wconf 88' lang='lat' dir='ltr'>diebus</span> <span class='ocrx_word' id='word_1_21' title='bbox 1087 284 1172 317; x_wconf 88' lang='lat' dir='ltr'>erat</span> <span class='ocrx_word' id='word_1_22' title='bbox 1190 298 1195 317; x_wconf 92' lang='lat'>:</span> 
     </span>
     <span class='ocr_line' id='line_1_5' title="bbox 122 341 1283 392; baseline -0.001 -12"><span class='ocrx_word' id='word_1_23' title='bbox 122 342 372 392; x_wconf 80' lang='lat' dir='ltr'>Pectoraque</span> <span class='ocrx_word' id='word_1_24' title='bbox 393 342 609 379; x_wconf 76' lang='lat' dir='ltr'>exsorbent</span> <span class='ocrx_word' id='word_1_25' title='bbox 630 342 761 378; x_wconf 73' lang='lat' dir='ltr'>avidis</span> <span class='ocrx_word' id='word_1_26' title='bbox 782 341 959 378; x_wconf 78' lang='lat' dir='ltr'>infantia</span> <span class='ocrx_word' id='word_1_27' title='bbox 979 341 1132 390; x_wconf 83' lang='lat' dir='ltr'>linguis</span> <span class='ocrx_word' id='word_1_28' title='bbox 1151 358 1157 378; x_wconf 74' lang='grc' dir='ltr'>ε</span> <span class='ocrx_word' id='word_1_29' title='bbox 1235 342 1283 379; x_wconf 83' lang='grc'>15</span> 
     </span>
    </p>

    <p class='ocr_par' dir='ltr' id='par_1_4' title="bbox 121 402 1285 1062">
     <span class='ocr_line' id='line_1_6' title="bbox 174 402 1005 454; baseline -0.004 -13"><span class='ocrx_word' id='word_1_30' title='bbox 174 404 232 441; x_wconf 83' lang='lat' dir='ltr'>At</span> <span class='ocrx_word' id='word_1_31' title='bbox 253 418 354 454; x_wconf 89' lang='lat' dir='ltr'>puer</span> <span class='ocrx_word' id='word_1_32' title='bbox 373 403 518 440; x_wconf 77' lang='lat' dir='ltr'>infelix</span> <span class='ocrx_word' id='word_1_33' title='bbox 538 403 653 453; x_wconf 73' lang='lat' dir='ltr'>vagit</span> <span class='ocrx_word' id='word_1_34' title='bbox 673 416 869 452; x_wconf 85' lang='lat' dir='ltr'>opemque</span> <span class='ocrx_word' id='word_1_35' title='bbox 890 402 1005 452; x_wconf 88' lang='lat' dir='ltr'>petit.</span> 
     </span>
     <span class='ocr_line' id='line_1_7' title="bbox 123 464 1031 509; baseline -0.002 -7"><span class='ocrx_word' id='word_1_36' title='bbox 123 465 285 503; x_wconf 80' lang='lat' dir='ltr'>Territa</span> <span class='ocrx_word' id='word_1_37' title='bbox 304 479 400 502; x_wconf 78' lang='lat' dir='ltr'>voce</span> <span class='ocrx_word' id='word_1_38' title='bbox 422 465 484 501; x_wconf 92' lang='lat' dir='ltr'>sui</span> <span class='ocrx_word' id='word_1_39' title='bbox 504 465 645 501; x_wconf 86' lang='lat' dir='ltr'>nutrix</span> <span class='ocrx_word' id='word_1_40' title='bbox 666 465 843 501; x_wconf 87' lang='lat' dir='ltr'>accurrit</span> <span class='ocrx_word' id='word_1_41' title='bbox 864 464 1031 509; x_wconf 76' lang='lat' dir='ltr'>alumni,</span> 
     </span>
     <span class='ocr_line' id='line_1_8' title="bbox 176 527 1025 577; baseline -0.001 -14"><span class='ocrx_word' id='word_1_42' title='bbox 176 527 230 564; x_wconf 88' lang='lat' dir='ltr'>Et</span> <span class='ocrx_word' id='word_1_43' title='bbox 250 527 383 577; x_wconf 80' lang='lat' dir='ltr'>rigido</span> <span class='ocrx_word' id='word_1_44' title='bbox 404 534 534 563; x_wconf 82' lang='lat' dir='ltr'>sectas</span> <span class='ocrx_word' id='word_1_45' title='bbox 555 527 712 563; x_wconf 70' lang='lat' dir='ltr'>invenit</span> <span class='ocrx_word' id='word_1_46' title='bbox 733 540 869 575; x_wconf 79' lang='lat' dir='ltr'>ungue</span> <span class='ocrx_word' id='word_1_47' title='bbox 889 539 1025 575; x_wconf 84' lang='lat' dir='ltr'>genas.</span> 
     </span>
     <span class='ocr_line' id='line_1_9' title="bbox 122 587 1283 636; baseline -0.002 -11"><span class='ocrx_word' id='word_1_48' title='bbox 122 587 232 635; x_wconf 83' lang='lat' dir='ltr'>Quid</span> <span class='ocrx_word' id='word_1_49' title='bbox 251 589 402 625; x_wconf 79' lang='lat' dir='ltr'>faceret</span> <span class='ocrx_word' id='word_1_50' title='bbox 423 588 439 625; x_wconf 60' lang='grc' dir='ltr'>’ἓ</span> <span class='ocrx_word' id='word_1_51' title='bbox 499 587 620 625; x_wconf 88' lang='lat' dir='ltr'>Color</span> <span class='ocrx_word' id='word_1_52' title='bbox 638 587 718 624; x_wconf 83' lang='lat' dir='ltr'>oris</span> <span class='ocrx_word' id='word_1_53' title='bbox 739 597 839 633; x_wconf 84' lang='lat' dir='ltr'>erat,</span> <span class='ocrx_word' id='word_1_54' title='bbox 861 588 930 636; x_wconf 90' lang='lat' dir='ltr'>qui</span> <span class='ocrx_word' id='word_1_55' title='bbox 949 587 1165 624; x_wconf 79' lang='lat' dir='ltr'>frondibus</span> <span class='ocrx_word' id='word_1_56' title='bbox 1186 587 1283 624; x_wconf 92' lang='lat' dir='ltr'>olim</span> 
     </span>
     <span class='ocr_line' id='line_1_10' title="bbox 176 648 1283 698; baseline -0.001 -12"><span class='ocrx_word' id='word_1_57' title='bbox 176 650 275 686; x_wconf 89' lang='lat' dir='ltr'>Esse</span> <span class='ocrx_word' id='word_1_58' title='bbox 297 649 399 687; x_wconf 91' lang='lat' dir='ltr'>solet</span> <span class='ocrx_word' id='word_1_59' title='bbox 418 649 531 693; x_wconf 72' lang='lat' dir='ltr'>seris,</span> <span class='ocrx_word' id='word_1_60' title='bbox 553 662 652 698; x_wconf 88' lang='lat' dir='ltr'>quas</span> <span class='ocrx_word' id='word_1_61' title='bbox 673 661 779 685; x_wconf 77' lang='lat' dir='ltr'>nova</span> <span class='ocrx_word' id='word_1_62' title='bbox 798 649 919 686; x_wconf 88' lang='lat' dir='ltr'>laesit</span> <span class='ocrx_word' id='word_1_63' title='bbox 939 649 1092 685; x_wconf 86' lang='lat' dir='ltr'>hiems:</span> <span class='ocrx_word' id='word_1_64' title='bbox 1232 648 1283 685; x_wconf 72' lang='lat'>⁶20</span> 
     </span>
     <span class='ocr_line' id='line_1_11' title="bbox 124 709 1285 749; baseline -0.002 -1"><span class='ocrx_word' id='word_1_65' title='bbox 124 710 317 748; x_wconf 73' lang='lat' dir='ltr'>Pervenit</span> <span class='ocrx_word' id='word_1_66' title='bbox 338 711 391 748; x_wconf 88' lang='lat' dir='ltr'>ad</span> <span class='ocrx_word' id='word_1_67' title='bbox 411 709 608 749; x_wconf 81' lang='lat' dir='ltr'>Cranaen.</span> <span class='ocrx_word' id='word_1_68' title='bbox 623 714 662 747; x_wconf 92' lang='lat' dir='ltr'>et</span> <span class='ocrx_word' id='word_1_69' title='bbox 682 723 768 747; x_wconf 92' lang='lat' dir='ltr'>rem</span> <span class='ocrx_word' id='word_1_70' title='bbox 789 710 916 747; x_wconf 86' lang='lat' dir='ltr'>docet.</span> <span class='ocrx_word' id='word_1_71' title='bbox 948 710 1027 746; x_wconf 90' lang='lat' dir='ltr'>Illa</span> <span class='ocrx_word' id='word_1_72' title='bbox 1045 713 1065 727; x_wconf 60' lang='lat'>³·</span> <span class='ocrx_word' id='word_1_73' title='bbox 1081 709 1285 747; x_wconf 83' lang='lat' dir='ltr'>Timorem</span> 
     </span>
     <span class='ocr_line' id='line_1_12' title="bbox 181 770 1153 821; baseline -0.002 -12"><span class='ocrx_word' id='word_1_74' title='bbox 181 771 314 809; x_wconf 85' lang='lat' dir='ltr'>Pone!</span> <span class='ocrx_word' id='word_1_75' title='bbox 346 776 441 808; x_wconf 79' lang='lat' dir='ltr'>tuus</span> <span class='ocrx_word' id='word_1_76' title='bbox 463 784 600 821; x_wconf 86' lang='lat' dir='ltr'>sospes</span> <span class='ocrx_word' id='word_1_77' title='bbox 618 771 639 784; x_wconf 81' lang='lat'>&#39;⁵</span> <span class='ocrx_word' id='word_1_78' title='bbox 661 771 765 807; x_wconf 77' lang='lat' dir='ltr'>dixit</span> <span class='ocrx_word' id='word_1_79' title='bbox 789 774 809 788; x_wconf 72' lang='lat'>⁶·</span> <span class='ocrx_word' id='word_1_80' title='bbox 825 771 1014 807; x_wconf 88' lang='lat' dir='ltr'>alumnus</span> <span class='ocrx_word' id='word_1_81' title='bbox 1036 770 1153 808; x_wconf 86' lang='lat' dir='ltr'>erit.”</span> 
     </span>
     <span class='ocr_line' id='line_1_13' title="bbox 121 831 1198 882; baseline 0.002 -14"><span class='ocrx_word' id='word_1_82' title='bbox 121 831 305 870; x_wconf 89' lang='lat' dir='ltr'>Venerat</span> <span class='ocrx_word' id='word_1_83' title='bbox 325 833 377 870; x_wconf 90' lang='lat' dir='ltr'>ad</span> <span class='ocrx_word' id='word_1_84' title='bbox 397 845 520 870; x_wconf 84' lang='lat' dir='ltr'>cunas</span> <span class='ocrx_word' id='word_1_85' title='bbox 539 849 546 869; x_wconf 79' lang='lat' dir='ltr'>t</span> <span class='ocrx_word' id='word_1_86' title='bbox 576 832 728 869; x_wconf 84' lang='lat' dir='ltr'>flebant·</span> <span class='ocrx_word' id='word_1_87' title='bbox 747 837 958 881; x_wconf 86' lang='lat' dir='ltr'>materque</span> <span class='ocrx_word' id='word_1_88' title='bbox 979 839 1198 882; x_wconf 85' lang='lat' dir='ltr'>paterque:</span> 
     </span>
     <span class='ocr_line' id='line_1_14' title="bbox 177 894 1150 944; baseline -0.001 -13"><span class='ocrx_word' id='word_1_89' title='bbox 177 898 198 912; x_wconf 88' lang='grc'>“</span> <span class='ocrx_word' id='word_1_90' title='bbox 217 894 360 932; x_wconf 80' lang='lat' dir='ltr'>Sistite</span> <span class='ocrx_word' id='word_1_91' title='bbox 380 908 451 932; x_wconf 73' lang='lat' dir='ltr'>vos</span> <span class='ocrx_word' id='word_1_92' title='bbox 472 894 672 934; x_wconf 76' lang='lat' dir='ltr'>lacrimas,</span> <span class='ocrx_word' id='word_1_93' title='bbox 695 894 782 944; x_wconf 89' lang='lat' dir='ltr'>ipsa</span> <span class='ocrx_word' id='word_1_94' title='bbox 803 894 1018 931; x_wconf 82' lang='lat' dir='ltr'>medebor!</span> <span class='ocrx_word' id='word_1_95' title='bbox 1037 894 1058 907; x_wconf 73' lang='lat'>’⁵</span> <span class='ocrx_word' id='word_1_96' title='bbox 1081 895 1150 931; x_wconf 86' lang='lat' dir='ltr'>ait.</span> 
     </span>
     <span class='ocr_line' id='line_1_15' title="bbox 123 955 1284 1006; baseline -0.001 -13"><span class='ocrx_word' id='word_1_97' title='bbox 123 955 318 993; x_wconf 84' lang='lat' dir='ltr'>Protinus</span> <span class='ocrx_word' id='word_1_98' title='bbox 339 956 509 993; x_wconf 83' lang='lat' dir='ltr'>arbutea</span> <span class='ocrx_word' id='word_1_99' title='bbox 528 960 663 1006; x_wconf 86' lang='lat' dir='ltr'>postes</span> <span class='ocrx_word' id='word_1_100' title='bbox 685 960 748 993; x_wconf 86' lang='lat' dir='ltr'>ter</span> <span class='ocrx_word' id='word_1_101' title='bbox 766 956 810 992; x_wconf 89' lang='lat' dir='ltr'>in</span> <span class='ocrx_word' id='word_1_102' title='bbox 829 955 970 992; x_wconf 85' lang='lat' dir='ltr'>ordine</span> <span class='ocrx_word' id='word_1_103' title='bbox 990 956 1127 1005; x_wconf 82' lang='lat' dir='ltr'>tangit</span> <span class='ocrx_word' id='word_1_104' title='bbox 1235 955 1284 993; x_wconf 78' lang='lat'>25</span> 
     </span>
     <span class='ocr_line' id='line_1_16' title="bbox 177 1017 1097 1062; baseline -0.001 -8"><span class='ocrx_word' id='word_1_105' title='bbox 177 1018 348 1062; x_wconf 75' lang='lat' dir='ltr'>Fronde,</span> <span class='ocrx_word' id='word_1_106' title='bbox 369 1022 434 1056; x_wconf 86' lang='lat' dir='ltr'>ter</span> <span class='ocrx_word' id='word_1_107' title='bbox 453 1017 623 1055; x_wconf 86' lang='lat' dir='ltr'>arbutea</span> <span class='ocrx_word' id='word_1_108' title='bbox 643 1018 785 1055; x_wconf 89' lang='lat' dir='ltr'>limina</span> <span class='ocrx_word' id='word_1_109' title='bbox 805 1017 950 1054; x_wconf 62' lang='lat' dir='ltr'>fronde</span> <span class='ocrx_word' id='word_1_110' title='bbox 970 1020 1097 1061; x_wconf 83' lang='lat' dir='ltr'>notat,</span> 
     </span>
    </p>
   </div>
   <div class='ocr_carea' id='block_1_4' title="bbox 79 1078 1284 1131">
    <p class='ocr_par' dir='ltr' id='par_1_5' title="bbox 79 1078 1284 1131">
     <span class='ocr_line' id='line_1_17' title="bbox 79 1078 1284 1131; baseline -0.002 -14"><span class='ocrx_word' id='word_1_111' title='bbox 79 1095 84 1098; x_wconf 91' lang='lat'>·</span> <span class='ocrx_word' id='word_1_112' title='bbox 125 1079 293 1131; x_wconf 78' lang='lat' dir='ltr'>Spargit</span> <span class='ocrx_word' id='word_1_113' title='bbox 320 1081 434 1130; x_wconf 88' lang='lat' dir='ltr'>aquis</span> <span class='ocrx_word' id='word_1_114' title='bbox 464 1080 695 1118; x_wconf 80' lang='lat' dir='ltr'>aditus—et</span> <span class='ocrx_word' id='word_1_115' title='bbox 725 1093 852 1129; x_wconf 87' lang='lat' dir='ltr'>aquae</span> <span class='ocrx_word' id='word_1_116' title='bbox 882 1080 1133 1117; x_wconf 87' lang='lat' dir='ltr'>medicamen</span> <span class='ocrx_word' id='word_1_117' title='bbox 1162 1078 1284 1116; x_wconf 89' lang='lat' dir='ltr'>habe-</span> 
     </span>
    </p>
   </div>
   <div class='ocr_carea' id='block_1_5' title="bbox 123 1141 1285 1748">
    <p class='ocr_par' dir='ltr' id='par_1_6' title="bbox 123 1141 1285 1748">
     <span class='ocr_line' id='line_1_18' title="bbox 228 1141 383 1178; baseline 0.013 -2"><span class='ocrx_word' id='word_1_118' title='bbox 228 1141 383 1178; x_wconf 84' lang='lat' dir='ltr'>bant—</span> 
     </span>
     <span class='ocr_line' id='line_1_19' title="bbox 178 1202 1110 1253; baseline 0 -14"><span class='ocrx_word' id='word_1_119' title='bbox 178 1202 363 1251; x_wconf 82' lang='lat' dir='ltr'>Extaque</span> <span class='ocrx_word' id='word_1_120' title='bbox 383 1203 432 1240; x_wconf 86' lang='lat' dir='ltr'>de</span> <span class='ocrx_word' id='word_1_121' title='bbox 451 1216 574 1253; x_wconf 86' lang='lat' dir='ltr'>porca</span> <span class='ocrx_word' id='word_1_122' title='bbox 594 1203 720 1240; x_wconf 86' lang='lat' dir='ltr'>cruda</span> <span class='ocrx_word' id='word_1_123' title='bbox 740 1203 964 1240; x_wconf 82' lang='lat' dir='ltr'>bimenstre</span> <span class='ocrx_word' id='word_1_124' title='bbox 985 1206 1110 1248; x_wconf 91' lang='lat' dir='ltr'>tenet,</span> 
     </span>
     <span class='ocr_line' id='line_1_20' title="bbox 123 1265 1234 1316; baseline -0.001 -13"><span class='ocrx_word' id='word_1_125' title='bbox 123 1267 260 1315; x_wconf 89' lang='lat' dir='ltr'>Atque</span> <span class='ocrx_word' id='word_1_126' title='bbox 281 1266 337 1303; x_wconf 86' lang='lat' dir='ltr'>ita</span> <span class='ocrx_word' id='word_1_127' title='bbox 360 1270 381 1284; x_wconf 72' lang='lat'>‘⁶</span> <span class='ocrx_word' id='word_1_128' title='bbox 395 1266 536 1304; x_wconf 81' lang='lat' dir='ltr'>Noctis</span> <span class='ocrx_word' id='word_1_129' title='bbox 557 1279 664 1311; x_wconf 73' lang='lat' dir='ltr'>aves,</span> <span class='ocrx_word' id='word_1_130' title='bbox 687 1267 791 1303; x_wconf 79' lang='lat' dir='ltr'>extis</span> <span class='ocrx_word' id='word_1_131' title='bbox 813 1266 1040 1316; x_wconf 87' lang='lat' dir='ltr'>puerilibus</span> <span class='ocrx_word' id='word_1_132' title='bbox 1056 1265 1076 1279; x_wconf 89' lang='lat'>”</span> <span class='ocrx_word' id='word_1_133' title='bbox 1098 1265 1234 1314; x_wconf 75' lang='lat' dir='ltr'>inquit</span> 
     </span>
     <span class='ocr_line' id='line_1_21' title="bbox 180 1326 1285 1378; baseline -0.001 -14"><span class='ocrx_word' id='word_1_134' title='bbox 180 1332 200 1346; x_wconf 70' lang='lat'>‘⁵</span> <span class='ocrx_word' id='word_1_135' title='bbox 219 1327 380 1365; x_wconf 86' lang='lat' dir='ltr'>Parcite</span> <span class='ocrx_word' id='word_1_136' title='bbox 398 1345 404 1365; x_wconf 72' lang='grc' dir='ltr'><strong><em>ι</em></strong></span> <span class='ocrx_word' id='word_1_137' title='bbox 435 1341 508 1378; x_wconf 89' lang='lat' dir='ltr'>pro</span> <span class='ocrx_word' id='word_1_138' title='bbox 528 1341 655 1378; x_wconf 77' lang='lat' dir='ltr'>parvo</span> <span class='ocrx_word' id='word_1_139' title='bbox 674 1328 845 1365; x_wconf 71' lang='lat' dir='ltr'>victima</span> <span class='ocrx_word' id='word_1_140' title='bbox 864 1341 991 1378; x_wconf 70' lang='lat' dir='ltr'>parva</span> <span class='ocrx_word' id='word_1_141' title='bbox 1014 1328 1134 1365; x_wconf 86' lang='lat' dir='ltr'>cadit.</span> <span class='ocrx_word' id='word_1_142' title='bbox 1233 1326 1285 1364; x_wconf 83' lang='lat'>30</span> 
     </span>
     <span class='ocr_line' id='line_1_22' title="bbox 125 1388 1176 1440; baseline -0.002 -13"><span class='ocrx_word' id='word_1_143' title='bbox 125 1388 206 1427; x_wconf 86' lang='lat' dir='ltr'>Cor</span> <span class='ocrx_word' id='word_1_144' title='bbox 223 1403 297 1440; x_wconf 89' lang='lat' dir='ltr'>pro</span> <span class='ocrx_word' id='word_1_145' title='bbox 318 1390 447 1434; x_wconf 71' lang='lat' dir='ltr'>corde,</span> <span class='ocrx_word' id='word_1_146' title='bbox 469 1403 620 1440; x_wconf 82' lang='lat' dir='ltr'>precor,</span> <span class='ocrx_word' id='word_1_147' title='bbox 642 1403 716 1440; x_wconf 82' lang='lat' dir='ltr'>pro</span> <span class='ocrx_word' id='word_1_148' title='bbox 736 1390 849 1427; x_wconf 77' lang='lat' dir='ltr'>fibris</span> <span class='ocrx_word' id='word_1_149' title='bbox 871 1390 1020 1427; x_wconf 85' lang='lat' dir='ltr'>sumite</span> <span class='ocrx_word' id='word_1_150' title='bbox 1042 1389 1176 1426; x_wconf 85' lang='lat' dir='ltr'>fibras.</span> 
     </span>
     <span class='ocr_line' id='line_1_23' title="bbox 177 1449 1117 1500; baseline -0.003 -11"><span class='ocrx_word' id='word_1_151' title='bbox 177 1452 296 1489; x_wconf 88' lang='lat' dir='ltr'>Hanc</span> <span class='ocrx_word' id='word_1_152' title='bbox 317 1451 495 1488; x_wconf 91' lang='lat' dir='ltr'>animam</span> <span class='ocrx_word' id='word_1_153' title='bbox 516 1451 632 1488; x_wconf 75' lang='lat' dir='ltr'>vobis</span> <span class='ocrx_word' id='word_1_154' title='bbox 651 1464 725 1500; x_wconf 80' lang='lat' dir='ltr'>pro</span> <span class='ocrx_word' id='word_1_155' title='bbox 746 1452 913 1488; x_wconf 85' lang='lat' dir='ltr'>meliore</span> <span class='ocrx_word' id='word_1_156' title='bbox 934 1449 1117 1487; x_wconf 84' lang='lat' dir='ltr'>damus.”</span> 
     </span>
     <span class='ocr_line' id='line_1_24' title="bbox 127 1512 1096 1563; baseline -0.002 -13"><span class='ocrx_word' id='word_1_157' title='bbox 127 1512 193 1550; x_wconf 84' lang='lat' dir='ltr'>Sic</span> <span class='ocrx_word' id='word_1_158' title='bbox 212 1513 281 1550; x_wconf 89' lang='lat' dir='ltr'>ubi</span> <span class='ocrx_word' id='word_1_159' title='bbox 303 1513 461 1557; x_wconf 81' lang='lat' dir='ltr'>libavit,</span> <span class='ocrx_word' id='word_1_160' title='bbox 482 1517 669 1563; x_wconf 84' lang='lat' dir='ltr'>prosecta</span> <span class='ocrx_word' id='word_1_161' title='bbox 689 1513 764 1549; x_wconf 88' lang='lat' dir='ltr'>sub</span> <span class='ocrx_word' id='word_1_162' title='bbox 785 1512 948 1550; x_wconf 84' lang='lat' dir='ltr'>aethere</span> <span class='ocrx_word' id='word_1_163' title='bbox 969 1512 1096 1561; x_wconf 75' lang='lat' dir='ltr'>ponit,</span> 
     </span>
     <span class='ocr_line' id='line_1_25' title="bbox 177 1573 1137 1624; baseline -0.002 -12"><span class='ocrx_word' id='word_1_164' title='bbox 177 1573 336 1623; x_wconf 81' lang='lat' dir='ltr'>Quique</span> <span class='ocrx_word' id='word_1_165' title='bbox 357 1575 507 1612; x_wconf 87' lang='lat' dir='ltr'>adsunt</span> <span class='ocrx_word' id='word_1_166' title='bbox 528 1574 664 1618; x_wconf 80' lang='lat' dir='ltr'>sacris,</span> <span class='ocrx_word' id='word_1_167' title='bbox 686 1575 886 1624; x_wconf 85' lang='lat' dir='ltr'>respicere</span> <span class='ocrx_word' id='word_1_168' title='bbox 906 1574 978 1610; x_wconf 86' lang='lat' dir='ltr'>illa</span> <span class='ocrx_word' id='word_1_169' title='bbox 997 1578 1110 1610; x_wconf 66' lang='lat' dir='ltr'>vetat</span> <span class='ocrx_word' id='word_1_170' title='bbox 1129 1589 1137 1618; x_wconf 88' lang='grc'><strong>;</strong></span> 
     </span>
     <span class='ocr_line' id='line_1_26' title="bbox 125 1634 1285 1679; baseline -0.002 -6"><span class='ocrx_word' id='word_1_171' title='bbox 125 1636 224 1674; x_wconf 86' lang='lat' dir='ltr'>Post</span> <span class='ocrx_word' id='word_1_172' title='bbox 243 1637 346 1673; x_wconf 86' lang='lat' dir='ltr'>illud</span> <span class='ocrx_word' id='word_1_173' title='bbox 366 1649 439 1673; x_wconf 88' lang='lat' dir='ltr'>nec</span> <span class='ocrx_word' id='word_1_174' title='bbox 459 1649 553 1673; x_wconf 69' lang='lat' dir='ltr'>aves</span> <span class='ocrx_word' id='word_1_175' title='bbox 575 1648 697 1672; x_wconf 88' lang='lat' dir='ltr'>cunas</span> <span class='ocrx_word' id='word_1_176' title='bbox 718 1636 892 1673; x_wconf 69' lang='lat' dir='ltr'>violasse</span> <span class='ocrx_word' id='word_1_177' title='bbox 913 1635 1115 1679; x_wconf 86' lang='lat' dir='ltr'>feruntur,</span> <span class='ocrx_word' id='word_1_178' title='bbox 1235 1634 1285 1671; x_wconf 88' lang='lat'>35</span> 
     </span>
     <span class='ocr_line' id='line_1_27' title="bbox 177 1697 991 1748; baseline -0.002 -13"><span class='ocrx_word' id='word_1_179' title='bbox 177 1698 231 1735; x_wconf 85' lang='lat' dir='ltr'>Et</span> <span class='ocrx_word' id='word_1_180' title='bbox 250 1698 373 1735; x_wconf 85' lang='lat' dir='ltr'>rediit</span> <span class='ocrx_word' id='word_1_181' title='bbox 393 1711 530 1748; x_wconf 77' lang='lat' dir='ltr'>puero,</span> <span class='ocrx_word' id='word_1_182' title='bbox 552 1697 622 1747; x_wconf 89' lang='lat' dir='ltr'>qui</span> <span class='ocrx_word' id='word_1_183' title='bbox 641 1697 722 1734; x_wconf 73' lang='lat' dir='ltr'>fuit</span> <span class='ocrx_word' id='word_1_184' title='bbox 743 1700 849 1741; x_wconf 84' lang='lat' dir='ltr'>ante,</span> <span class='ocrx_word' id='word_1_185' title='bbox 871 1697 991 1734; x_wconf 85' lang='lat' dir='ltr'>color.</span> 
     </span>
    </p>
   </div>
   <div class='ocr_carea' id='block_1_6' title="bbox 248 1841 1047 1887">
    <p class='ocr_par' dir='ltr' id='par_1_7' title="bbox 248 1841 1047 1887">
     <span class='ocr_line' id='line_1_28' title="bbox 248 1841 1047 1887; baseline 0.001 -8"><span class='ocrx_word' id='word_1_186' title='bbox 248 1841 557 1879; x_wconf 71' lang='lat' dir='ltr'>winter-time</span> <span class='ocrx_word' id='word_1_187' title='bbox 584 1841 644 1887; x_wconf 78' lang='lat' dir='ltr'>by</span> <span class='ocrx_word' id='word_1_188' title='bbox 670 1841 750 1878; x_wconf 72' lang='lat' dir='ltr'>the</span> <span class='ocrx_word' id='word_1_189' title='bbox 778 1841 919 1879; x_wconf 80' lang='lat' dir='ltr'>Black</span> <span class='ocrx_word' id='word_1_190' title='bbox 947 1842 1047 1880; x_wconf 78' lang='lat' dir='ltr'>Sea..</span> 
     </span>
    </p>
   </div>
   <div class='ocr_carea' id='block_1_7' title="bbox 126 1926 1288 2220">
    <p class='ocr_par' dir='ltr' id='par_1_8' title="bbox 126 1926 1231 2037">
     <span class='ocr_line' id='line_1_29' title="bbox 126 1926 1231 1977; baseline 0 -14"><span class='ocrx_word' id='word_1_191' title='bbox 126 1926 210 1963; x_wconf 78' lang='lat' dir='ltr'>Nix</span> <span class='ocrx_word' id='word_1_192' title='bbox 229 1926 346 1966; x_wconf 82' lang='lat' dir='ltr'>iacet,</span> <span class='ocrx_word' id='word_1_193' title='bbox 368 1933 407 1963; x_wconf 91' lang='lat' dir='ltr'>et</span> <span class='ocrx_word' id='word_1_194' title='bbox 428 1926 576 1963; x_wconf 86' lang='lat' dir='ltr'>iactam</span> <span class='ocrx_word' id='word_1_195' title='bbox 597 1939 646 1963; x_wconf 89' lang='lat' dir='ltr'>ne</span> <span class='ocrx_word' id='word_1_196' title='bbox 669 1926 728 1963; x_wconf 88' lang='lat' dir='ltr'>sol</span> <span class='ocrx_word' id='word_1_197' title='bbox 748 1926 993 1977; x_wconf 76' lang='lat' dir='ltr'>pluviaeque</span> <span class='ocrx_word' id='word_1_198' title='bbox 1013 1926 1231 1971; x_wconf 77' lang='lat' dir='ltr'>resolvant,</span> 
     </span>
     <span class='ocr_line' id='line_1_30' title="bbox 179 1987 983 2037; baseline 0 -13"><span class='ocrx_word' id='word_1_199' title='bbox 179 1987 351 2024; x_wconf 86' lang='lat' dir='ltr'>Indurat</span> <span class='ocrx_word' id='word_1_200' title='bbox 371 1987 512 2025; x_wconf 86' lang='lat' dir='ltr'>boreas</span> <span class='ocrx_word' id='word_1_201' title='bbox 532 1991 850 2037; x_wconf 86' lang='lat' dir='ltr'>perpetuamque</span> <span class='ocrx_word' id='word_1_202' title='bbox 870 1987 983 2024; x_wconf 81' lang='lat' dir='ltr'>facit.</span> 
     </span>
    </p>

    <p class='ocr_par' dir='ltr' id='par_1_9' title="bbox 126 2048 1151 2148">
     <span class='ocr_line' id='line_1_31' title="bbox 126 2048 1151 2098; baseline 0.001 -13"><span class='ocrx_word' id='word_1_203' title='bbox 126 2048 234 2098; x_wconf 87' lang='lat' dir='ltr'>Ergo</span> <span class='ocrx_word' id='word_1_204' title='bbox 254 2049 324 2085; x_wconf 90' lang='lat' dir='ltr'>ubi</span> <span class='ocrx_word' id='word_1_205' title='bbox 345 2048 514 2085; x_wconf 87' lang='lat' dir='ltr'>delicuit</span> <span class='ocrx_word' id='word_1_206' title='bbox 534 2048 713 2085; x_wconf 90' lang='lat' dir='ltr'>nondum</span> <span class='ocrx_word' id='word_1_207' title='bbox 733 2049 855 2098; x_wconf 83' lang='lat' dir='ltr'>prior,</span> <span class='ocrx_word' id='word_1_208' title='bbox 877 2049 1007 2086; x_wconf 86' lang='lat' dir='ltr'>altera</span> <span class='ocrx_word' id='word_1_209' title='bbox 1026 2049 1151 2094; x_wconf 85' lang='lat' dir='ltr'>venit,</span> 
     </span>
     <span class='ocr_line' id='line_1_32' title="bbox 179 2109 1019 2148; baseline 0.001 -1"><span class='ocrx_word' id='word_1_210' title='bbox 179 2109 232 2147; x_wconf 85' lang='lat' dir='ltr'>Et</span> <span class='ocrx_word' id='word_1_211' title='bbox 253 2110 354 2147; x_wconf 90' lang='lat' dir='ltr'>solet</span> <span class='ocrx_word' id='word_1_212' title='bbox 373 2110 416 2146; x_wconf 90' lang='lat' dir='ltr'>in</span> <span class='ocrx_word' id='word_1_213' title='bbox 435 2110 576 2147; x_wconf 87' lang='lat' dir='ltr'>multis</span> <span class='ocrx_word' id='word_1_214' title='bbox 597 2110 708 2147; x_wconf 87' lang='lat' dir='ltr'>bima</span> <span class='ocrx_word' id='word_1_215' title='bbox 726 2123 890 2148; x_wconf 83' lang='lat' dir='ltr'>manere</span> <span class='ocrx_word' id='word_1_216' title='bbox 909 2111 1019 2148; x_wconf 84' lang='lat' dir='ltr'>locis.</span> 
     </span>
    </p>

    <p class='ocr_par' dir='ltr' id='par_1_10' title="bbox 127 2169 1288 2220">
     <span class='ocr_line' id='line_1_33' title="bbox 127 2169 1288 2220; baseline 0.001 -13"><span class='ocrx_word' id='word_1_217' title='bbox 127 2169 337 2220; x_wconf 85' lang='lat' dir='ltr'>Tantaque</span> <span class='ocrx_word' id='word_1_218' title='bbox 357 2171 546 2208; x_wconf 85' lang='lat' dir='ltr'>commoti</span> <span class='ocrx_word' id='word_1_219' title='bbox 567 2171 629 2207; x_wconf 73' lang='lat' dir='ltr'>vis</span> <span class='ocrx_word' id='word_1_220' title='bbox 653 2176 713 2208; x_wconf 88' lang='lat' dir='ltr'>est</span> <span class='ocrx_word' id='word_1_221' title='bbox 735 2172 948 2220; x_wconf 90' lang='lat' dir='ltr'>aquilonis.</span> <span class='ocrx_word' id='word_1_222' title='bbox 971 2177 1017 2209; x_wconf 89' lang='lat' dir='ltr'>ut</span> <span class='ocrx_word' id='word_1_223' title='bbox 1037 2173 1144 2210; x_wconf 86' lang='lat' dir='ltr'>altas</span> <span class='ocrx_word' id='word_1_224' title='bbox 1259 2170 1288 2208; x_wconf 78' lang='grc'><strong>5</strong></span> 
     </span>
    </p>
   </div>
   <div class='ocr_carea' id='block_1_8' title="bbox 178 2232 1119 2340">
    <p class='ocr_par' dir='ltr' id='par_1_11' title="bbox 178 2232 1119 2340">
     <span class='ocr_line' id='line_1_34' title="bbox 178 2232 1119 2284; baseline 0.002 -15"><span class='ocrx_word' id='word_1_225' title='bbox 178 2232 338 2282; x_wconf 89' lang='lat' dir='ltr'>Aequet</span> <span class='ocrx_word' id='word_1_226' title='bbox 357 2232 482 2269; x_wconf 89' lang='lat' dir='ltr'>humo</span> <span class='ocrx_word' id='word_1_227' title='bbox 502 2236 634 2269; x_wconf 86' lang='lat' dir='ltr'>turres</span> <span class='ocrx_word' id='word_1_228' title='bbox 655 2238 843 2282; x_wconf 88' lang='lat' dir='ltr'>tectaque</span> <span class='ocrx_word' id='word_1_229' title='bbox 862 2239 983 2284; x_wconf 86' lang='lat' dir='ltr'>rapta</span> <span class='ocrx_word' id='word_1_230' title='bbox 1002 2233 1119 2271; x_wconf 86' lang='lat' dir='ltr'>ferat.</span> 
     </span>
     <span class='ocr_line' id='line_1_35' title="bbox 186 2293 674 2340; baseline -0.002 -10"><span class='ocrx_word' id='word_1_231' title='bbox 186 2293 235 2340; x_wconf 80' lang='lat' dir='ltr'>(M</span> <span class='ocrx_word' id='word_1_232' title='bbox 256 2294 300 2340; x_wconf 83' lang='lat'>4)</span> <span class='ocrx_word' id='word_1_233' title='bbox 652 2304 674 2329; x_wconf 91' lang='lat' dir='ltr'>D</span> 
     </span>
    </p>
   </div>
  </div>
 </body>
</html>
