<?xml version="1.0" encoding="UTF-8"?>
<!DOCTYPE html PUBLIC "-//W3C//DTD XHTML 1.0 Transitional//EN"
    "http://www.w3.org/TR/xhtml1/DTD/xhtml1-transitional.dtd">
<html xmlns="http://www.w3.org/1999/xhtml" xml:lang="en" lang="en">
 <head>
  <title>
</title>
<meta http-equiv="Content-Type" content="text/html;charset=utf-8" />
  <meta name='ocr-system' content='tesseract 3.04.00' />
  <meta name='ocr-capabilities' content='ocr_page ocr_carea ocr_par ocr_line ocrx_word'/>
</head>
<body>
  <div class='ocr_page' id='page_1' title='image "./storiesfromovid00oviduoft_0078.png"; bbox 0 0 1491 2390; ppageno 0'>
   <div class='ocr_carea' id='block_1_1' title="bbox 118 72 171 108">
    <p class='ocr_par' dir='ltr' id='par_1_1' title="bbox 118 72 171 108">
     <span class='ocr_line' id='line_1_1' title="bbox 118 72 171 108; baseline 0 0"><span class='ocrx_word' id='word_1_1' title='bbox 118 72 171 108; x_wconf 82' lang='lat'>74</span> 
     </span>
    </p>
   </div>
   <div class='ocr_carea' id='block_1_2' title="bbox 117 858 179 899">
    <p class='ocr_par' dir='ltr' id='par_1_2' title="bbox 117 858 179 899">
     <span class='ocr_line' id='line_1_2' title="bbox 117 858 179 899; baseline -0.048 0"><span class='ocrx_word' id='word_1_2' title='bbox 117 858 179 899; x_wconf 84' lang='lat'>66.</span> 
     </span>
    </p>
   </div>
   <div class='ocr_carea' id='block_1_3' title="bbox 551 81 976 109">
    <p class='ocr_par' dir='ltr' id='par_1_3' title="bbox 551 81 976 109">
     <span class='ocr_line' id='line_1_3' title="bbox 551 81 976 109; baseline -0.005 0"><span class='ocrx_word' id='word_1_3' title='bbox 551 83 708 109; x_wconf 78' lang='lat' dir='ltr'>STORIES</span> <span class='ocrx_word' id='word_1_4' title='bbox 738 81 842 108; x_wconf 77' lang='lat' dir='ltr'>FROM</span> <span class='ocrx_word' id='word_1_5' title='bbox 871 81 976 108; x_wconf 88' lang='lat' dir='ltr'>OVID.</span> 
     </span>
    </p>
   </div>
   <div class='ocr_carea' id='block_1_4' title="bbox 224 183 1396 726">
    <p class='ocr_par' dir='ltr' id='par_1_4' title="bbox 225 183 1396 236">
     <span class='ocr_line' id='line_1_4' title="bbox 225 183 1396 236; baseline 0 -14"><span class='ocrx_word' id='word_1_6' title='bbox 225 185 355 222; x_wconf 83' lang='lat' dir='ltr'>Atria.</span> <span class='ocrx_word' id='word_1_7' title='bbox 407 184 645 236; x_wconf 83' lang='lat' dir='ltr'>Diffugiunt</span> <span class='ocrx_word' id='word_1_8' title='bbox 667 185 822 231; x_wconf 86' lang='lat' dir='ltr'>stellae,</span> <span class='ocrx_word' id='word_1_9' title='bbox 845 198 1014 235; x_wconf 85' lang='lat' dir='ltr'>quarum</span> <span class='ocrx_word' id='word_1_10' title='bbox 1040 185 1205 235; x_wconf 81' lang='lat' dir='ltr'>agmina</span> <span class='ocrx_word' id='word_1_11' title='bbox 1225 183 1333 234; x_wconf 87' lang='lat' dir='ltr'><strong>cogit</strong></span> <span class='ocrx_word' id='word_1_12' title='bbox 1349 183 1396 222; x_wconf 94' lang='grc'>10</span> 
     </span>
    </p>

    <p class='ocr_par' dir='ltr' id='par_1_5' title="bbox 225 246 1164 292">
     <span class='ocr_line' id='line_1_5' title="bbox 225 246 1164 292; baseline 0 -9"><span class='ocrx_word' id='word_1_13' title='bbox 225 246 401 292; x_wconf 82' lang='lat' dir='ltr'>Lucifer,</span> <span class='ocrx_word' id='word_1_14' title='bbox 423 250 464 284; x_wconf 87' lang='lat' dir='ltr'>et</span> <span class='ocrx_word' id='word_1_15' title='bbox 483 247 584 284; x_wconf 91' lang='lat' dir='ltr'>caeli</span> <span class='ocrx_word' id='word_1_16' title='bbox 605 247 781 284; x_wconf 86' lang='lat' dir='ltr'>statione</span> <span class='ocrx_word' id='word_1_17' title='bbox 801 247 1048 284; x_wconf 82' lang='lat' dir='ltr'>novissimus</span> <span class='ocrx_word' id='word_1_18' title='bbox 1069 247 1164 284; x_wconf 82' lang='lat' dir='ltr'>exit.</span> 
     </span>
    </p>

    <p class='ocr_par' dir='ltr' id='par_1_6' title="bbox 226 307 1343 414">
     <span class='ocr_line' id='line_1_6' title="bbox 226 307 1343 358; baseline 0.001 -14"><span class='ocrx_word' id='word_1_19' title='bbox 226 307 357 355; x_wconf 97' lang='lat' dir='ltr'>Quem</span> <span class='ocrx_word' id='word_1_20' title='bbox 403 311 541 358; x_wconf 88' lang='lat' dir='ltr'>petere</span> <span class='ocrx_word' id='word_1_21' title='bbox 574 311 619 344; x_wconf 88' lang='lat' dir='ltr'>ut</span> <span class='ocrx_word' id='word_1_22' title='bbox 652 311 781 345; x_wconf 87' lang='lat' dir='ltr'>terras</span> <span class='ocrx_word' id='word_1_23' title='bbox 825 308 1101 358; x_wconf 89' lang='lat' dir='ltr'>mundumque</span> <span class='ocrx_word' id='word_1_24' title='bbox 1132 307 1343 345; x_wconf 84' lang='lat' dir='ltr'>rubescere</span> 
     </span>
     <span class='ocr_line' id='line_1_7' title="bbox 330 369 448 414; baseline -0.017 -7"><span class='ocrx_word' id='word_1_25' title='bbox 330 369 448 414; x_wconf 79' lang='lat' dir='ltr'>vidit,</span> 
     </span>
    </p>

    <p class='ocr_par' dir='ltr' id='par_1_7' title="bbox 226 430 1245 482">
     <span class='ocr_line' id='line_1_8' title="bbox 226 430 1245 482; baseline -0.002 -13"><span class='ocrx_word' id='word_1_26' title='bbox 226 431 467 482; x_wconf 79' lang='lat' dir='ltr'>Cornuaque</span> <span class='ocrx_word' id='word_1_27' title='bbox 489 435 693 468; x_wconf 77' lang='lat' dir='ltr'>extremae</span> <span class='ocrx_word' id='word_1_28' title='bbox 713 430 827 468; x_wconf 87' lang='lat' dir='ltr'>velut</span> <span class='ocrx_word' id='word_1_29' title='bbox 847 443 1084 468; x_wconf 87' lang='lat' dir='ltr'>evanescere</span> <span class='ocrx_word' id='word_1_30' title='bbox 1103 430 1245 467; x_wconf 89' lang='lat' dir='ltr'>lunae:</span> 
     </span>
    </p>

    <p class='ocr_par' dir='ltr' id='par_1_8' title="bbox 224 491 1264 543">
     <span class='ocr_line' id='line_1_9' title="bbox 224 491 1264 543; baseline -0.002 -13"><span class='ocrx_word' id='word_1_31' title='bbox 224 494 398 543; x_wconf 83' lang='lat' dir='ltr'>Iungere</span> <span class='ocrx_word' id='word_1_32' title='bbox 420 506 542 542; x_wconf 82' lang='lat' dir='ltr'>equos</span> <span class='ocrx_word' id='word_1_33' title='bbox 564 492 687 529; x_wconf 80' lang='lat' dir='ltr'>Titan</span> <span class='ocrx_word' id='word_1_34' title='bbox 708 492 912 530; x_wconf 88' lang='lat' dir='ltr'>velocibus</span> <span class='ocrx_word' id='word_1_35' title='bbox 933 493 1109 542; x_wconf 84' lang='lat' dir='ltr'>imperat</span> <span class='ocrx_word' id='word_1_36' title='bbox 1129 491 1264 528; x_wconf 87' lang='lat' dir='ltr'>Horis.</span> 
     </span>
    </p>

    <p class='ocr_par' dir='ltr' id='par_1_9' title="bbox 227 552 1396 604">
     <span class='ocr_line' id='line_1_10' title="bbox 227 552 1396 604; baseline -0.002 -13"><span class='ocrx_word' id='word_1_37' title='bbox 227 555 344 591; x_wconf 86' lang='lat' dir='ltr'>Iussa</span> <span class='ocrx_word' id='word_1_38' title='bbox 365 555 461 592; x_wconf 86' lang='lat' dir='ltr'>deae</span> <span class='ocrx_word' id='word_1_39' title='bbox 483 554 632 591; x_wconf 84' lang='lat' dir='ltr'>celeres</span> <span class='ocrx_word' id='word_1_40' title='bbox 654 557 865 603; x_wconf 85' lang='lat' dir='ltr'>peragunt,</span> <span class='ocrx_word' id='word_1_41' title='bbox 887 553 1104 604; x_wconf 85' lang='lat' dir='ltr'>ignemque</span> <span class='ocrx_word' id='word_1_42' title='bbox 1125 555 1332 590; x_wconf 72' lang='lat' dir='ltr'>vomentes</span> <span class='ocrx_word' id='word_1_43' title='bbox 1349 552 1396 590; x_wconf 91' lang='lat'>15</span> 
     </span>
    </p>

    <p class='ocr_par' dir='ltr' id='par_1_10' title="bbox 225 614 1166 664">
     <span class='ocr_line' id='line_1_11' title="bbox 225 614 1166 664; baseline -0.002 -12"><span class='ocrx_word' id='word_1_44' title='bbox 225 615 467 652; x_wconf 87' lang='lat' dir='ltr'>Ambrosiae</span> <span class='ocrx_word' id='word_1_45' title='bbox 489 628 584 652; x_wconf 89' lang='lat' dir='ltr'>suco</span> <span class='ocrx_word' id='word_1_46' title='bbox 604 619 762 652; x_wconf 88' lang='lat' dir='ltr'>saturos</span> <span class='ocrx_word' id='word_1_47' title='bbox 785 614 1049 664; x_wconf 81' lang='lat' dir='ltr'>praesepibus</span> <span class='ocrx_word' id='word_1_48' title='bbox 1071 614 1166 652; x_wconf 90' lang='lat' dir='ltr'>altis</span> 
     </span>
    </p>

    <p class='ocr_par' dir='ltr' id='par_1_11' title="bbox 228 674 1311 726">
     <span class='ocr_line' id='line_1_12' title="bbox 228 674 1311 726; baseline -0.001 -13"><span class='ocrx_word' id='word_1_49' title='bbox 228 675 521 726; x_wconf 81' lang='lat' dir='ltr'>Quadrupedes</span> <span class='ocrx_word' id='word_1_50' title='bbox 543 675 698 712; x_wconf 88' lang='lat' dir='ltr'>ducunt</span> <span class='ocrx_word' id='word_1_51' title='bbox 719 675 955 725; x_wconf 76' lang='lat' dir='ltr'>adduntque</span> <span class='ocrx_word' id='word_1_52' title='bbox 976 675 1165 713; x_wconf 82' lang='lat' dir='ltr'>sonantia</span> <span class='ocrx_word' id='word_1_53' title='bbox 1184 674 1311 712; x_wconf 84' lang='lat' dir='ltr'>frena.</span> 
     </span>
    </p>
   </div>
   <div class='ocr_carea' id='block_1_5' title="bbox 219 787 1400 2264">
    <p class='ocr_par' dir='ltr' id='par_1_12' title="bbox 731 787 793 837">
     <span class='ocr_line' id='line_1_13' title="bbox 731 787 793 837; baseline 0.016 -1"><span class='ocrx_word' id='word_1_54' title='bbox 731 787 793 837; x_wconf 79' lang='lat' dir='ltr'>(b)</span> 
     </span>
    </p>

    <p class='ocr_par' dir='ltr' id='par_1_13' title="bbox 227 859 1398 974">
     <span class='ocr_line' id='line_1_14' title="bbox 227 859 1235 911; baseline 0 -13"><span class='ocrx_word' id='word_1_55' title='bbox 227 859 411 910; x_wconf 80' lang='lat' dir='ltr'>Occupat</span> <span class='ocrx_word' id='word_1_56' title='bbox 431 860 501 898; x_wconf 88' lang='lat' dir='ltr'>ille</span> <span class='ocrx_word' id='word_1_57' title='bbox 522 861 651 899; x_wconf 86' lang='lat' dir='ltr'>levem</span> <span class='ocrx_word' id='word_1_58' title='bbox 671 861 853 899; x_wconf 85' lang='lat' dir='ltr'>iuvena&#39;i</span> <span class='ocrx_word' id='word_1_59' title='bbox 875 874 1038 911; x_wconf 87' lang='lat' dir='ltr'>corpore</span> <span class='ocrx_word' id='word_1_60' title='bbox 1060 874 1235 907; x_wconf 87' lang='lat' dir='ltr'>currum,</span> 
     </span>
     <span class='ocr_line' id='line_1_15' title="bbox 228 921 1398 974; baseline 0.002 -15"><span class='ocrx_word' id='word_1_61' title='bbox 228 921 400 972; x_wconf 87' lang='lat' dir='ltr'>Statque</span> <span class='ocrx_word' id='word_1_62' title='bbox 462 935 595 972; x_wconf 86' lang='lat' dir='ltr'>super,</span> <span class='ocrx_word' id='word_1_63' title='bbox 658 923 924 973; x_wconf 86' lang='lat' dir='ltr'>manibusque</span> <span class='ocrx_word' id='word_1_64' title='bbox 987 923 1104 960; x_wconf 85' lang='lat' dir='ltr'>datas</span> <span class='ocrx_word' id='word_1_65' title='bbox 1162 922 1398 974; x_wconf 84' lang='lat' dir='ltr'>contingere</span> 
     </span>
    </p>

    <p class='ocr_par' dir='ltr' id='par_1_14' title="bbox 219 983 1400 2264">
     <span class='ocr_line' id='line_1_16' title="bbox 330 983 510 1021; baseline 0.006 -2"><span class='ocrx_word' id='word_1_66' title='bbox 330 983 510 1021; x_wconf 88' lang='lat' dir='ltr'>habenas</span> 
     </span>
     <span class='ocr_line' id='line_1_17' title="bbox 226 1044 1184 1095; baseline 0.001 -14"><span class='ocrx_word' id='word_1_67' title='bbox 226 1044 401 1091; x_wconf 82' lang='lat' dir='ltr'>Gaudet,</span> <span class='ocrx_word' id='word_1_68' title='bbox 423 1048 463 1082; x_wconf 91' lang='lat' dir='ltr'>et</span> <span class='ocrx_word' id='word_1_69' title='bbox 482 1045 613 1082; x_wconf 87' lang='lat' dir='ltr'>invito</span> <span class='ocrx_word' id='word_1_70' title='bbox 633 1048 769 1095; x_wconf 87' lang='lat' dir='ltr'>grates</span> <span class='ocrx_word' id='word_1_71' title='bbox 791 1045 878 1095; x_wconf 83' lang='lat' dir='ltr'>agit</span> <span class='ocrx_word' id='word_1_72' title='bbox 897 1045 992 1082; x_wconf 85' lang='lat' dir='ltr'>inde</span> <span class='ocrx_word' id='word_1_73' title='bbox 1014 1045 1184 1094; x_wconf 87' lang='lat' dir='ltr'>parenti.</span> 
     </span>
     <span class='ocr_line' id='line_1_18' title="bbox 224 1105 1203 1156; baseline 0.001 -14"><span class='ocrx_word' id='word_1_74' title='bbox 224 1105 387 1143; x_wconf 86' lang='lat' dir='ltr'>Interea</span> <span class='ocrx_word' id='word_1_75' title='bbox 407 1107 589 1144; x_wconf 87' lang='lat' dir='ltr'>volucres</span> <span class='ocrx_word' id='word_1_76' title='bbox 611 1105 755 1156; x_wconf 85' lang='lat' dir='ltr'>Pyrois</span> <span class='ocrx_word' id='word_1_77' title='bbox 777 1110 818 1143; x_wconf 90' lang='lat' dir='ltr'>et</span> <span class='ocrx_word' id='word_1_78' title='bbox 838 1106 946 1143; x_wconf 87' lang='lat' dir='ltr'>Eous</span> <span class='ocrx_word' id='word_1_79' title='bbox 967 1110 1008 1144; x_wconf 91' lang='lat' dir='ltr'>et</span> <span class='ocrx_word' id='word_1_80' title='bbox 1027 1106 1203 1151; x_wconf 88' lang='lat' dir='ltr'>Aethon,</span> 
     </span>
     <span class='ocr_line' id='line_1_19' title="bbox 225 1166 1396 1218; baseline 0.003 -14"><span class='ocrx_word' id='word_1_81' title='bbox 225 1166 330 1204; x_wconf 86' lang='lat' dir='ltr'>Solis</span> <span class='ocrx_word' id='word_1_82' title='bbox 352 1168 454 1218; x_wconf 90' lang='lat' dir='ltr'>equi,</span> <span class='ocrx_word' id='word_1_83' title='bbox 476 1172 726 1218; x_wconf 83' lang='lat' dir='ltr'>quartusque</span> <span class='ocrx_word' id='word_1_84' title='bbox 748 1167 934 1218; x_wconf 82' lang='lat' dir='ltr'>Phlegon</span> <span class='ocrx_word' id='word_1_85' title='bbox 954 1168 1184 1205; x_wconf 85' lang='lat' dir='ltr'>hinnitibus</span> <span class='ocrx_word' id='word_1_86' title='bbox 1205 1182 1324 1207; x_wconf 87' lang='lat' dir='ltr'>auras</span> <span class='ocrx_word' id='word_1_87' title='bbox 1372 1170 1396 1208; x_wconf 87' lang='lat'>5</span> 
     </span>
     <span class='ocr_line' id='line_1_20' title="bbox 220 1228 1339 1280; baseline 0.002 -15"><span class='ocrx_word' id='word_1_88' title='bbox 220 1228 494 1266; x_wconf 82' lang='lat' dir='ltr'>Flammiferis</span> <span class='ocrx_word' id='word_1_89' title='bbox 508 1229 682 1278; x_wconf 89' lang='lat' dir='ltr'>implent</span> <span class='ocrx_word' id='word_1_90' title='bbox 696 1229 945 1279; x_wconf 85' lang='lat' dir='ltr'>pedibusque</span> <span class='ocrx_word' id='word_1_91' title='bbox 959 1229 1153 1280; x_wconf 84' lang='lat' dir='ltr'>repagula</span> <span class='ocrx_word' id='word_1_92' title='bbox 1163 1230 1339 1280; x_wconf 85' lang='lat' dir='ltr'>pulsant.</span> 
     </span>
     <span class='ocr_line' id='line_1_21' title="bbox 221 1288 1318 1341; baseline 0.002 -14"><span class='ocrx_word' id='word_1_93' title='bbox 221 1288 335 1336; x_wconf 88' lang='lat' dir='ltr'>Quae</span> <span class='ocrx_word' id='word_1_94' title='bbox 357 1294 569 1340; x_wconf 86' lang='lat' dir='ltr'>postquam</span> <span class='ocrx_word' id='word_1_95' title='bbox 592 1290 758 1341; x_wconf 88' lang='lat' dir='ltr'>Tethys,</span> <span class='ocrx_word' id='word_1_96' title='bbox 780 1291 1127 1341; x_wconf 16' lang='lat' dir='ltr'>fatorumuignara</span> <span class='ocrx_word' id='word_1_97' title='bbox 1148 1291 1318 1341; x_wconf 85' lang='lat' dir='ltr'>nepotis,</span> 
     </span>
     <span class='ocr_line' id='line_1_22' title="bbox 221 1351 1219 1402; baseline 0.002 -14"><span class='ocrx_word' id='word_1_98' title='bbox 221 1351 432 1400; x_wconf 84' lang='lat' dir='ltr'>Reppulit,</span> <span class='ocrx_word' id='word_1_99' title='bbox 447 1355 488 1389; x_wconf 90' lang='lat' dir='ltr'>et</span> <span class='ocrx_word' id='word_1_100' title='bbox 506 1351 619 1389; x_wconf 81' lang='lat' dir='ltr'>facta</span> <span class='ocrx_word' id='word_1_101' title='bbox 639 1356 700 1389; x_wconf 86' lang='lat' dir='ltr'>est</span> <span class='ocrx_word' id='word_1_102' title='bbox 721 1352 909 1390; x_wconf 77' lang='lat' dir='ltr'>immensi</span> <span class='ocrx_word' id='word_1_103' title='bbox 930 1353 1045 1402; x_wconf 88' lang='lat' dir='ltr'>copia</span> <span class='ocrx_word' id='word_1_104' title='bbox 1065 1353 1219 1398; x_wconf 88' lang='lat' dir='ltr'>mundi,</span> 
     </span>
     <span class='ocr_line' id='line_1_23' title="bbox 221 1411 1214 1464; baseline 0.003 -15"><span class='ocrx_word' id='word_1_105' title='bbox 221 1411 464 1463; x_wconf 82' lang='lat' dir='ltr'>Corripuere</span> <span class='ocrx_word' id='word_1_106' title='bbox 487 1413 594 1451; x_wconf 88' lang='lat' dir='ltr'>viam</span> <span class='ocrx_word' id='word_1_107' title='bbox 618 1413 866 1464; x_wconf 84' lang='lat' dir='ltr'>pedibusque</span> <span class='ocrx_word' id='word_1_108' title='bbox 891 1426 959 1463; x_wconf 78' lang='lat' dir='ltr'>per</span> <span class='ocrx_word' id='word_1_109' title='bbox 979 1419 1074 1451; x_wconf 72' lang='lat' dir='ltr'>aera</span> <span class='ocrx_word' id='word_1_110' title='bbox 1097 1415 1214 1452; x_wconf 84' lang='lat' dir='ltr'>motis</span> 
     </span>
     <span class='ocr_line' id='line_1_24' title="bbox 219 1473 1400 1525; baseline 0.003 -15"><span class='ocrx_word' id='word_1_111' title='bbox 219 1473 442 1512; x_wconf 90' lang='lat' dir='ltr'>Obstantes</span> <span class='ocrx_word' id='word_1_112' title='bbox 463 1474 656 1512; x_wconf 90' lang='lat' dir='ltr'>scindunt</span> <span class='ocrx_word' id='word_1_113' title='bbox 676 1475 845 1512; x_wconf 70' lang='lat' dir='ltr'>nebulus</span> <span class='ocrx_word' id='word_1_114' title='bbox 869 1475 1081 1525; x_wconf 82' lang='lat' dir='ltr'>pinnisque</span> <span class='ocrx_word' id='word_1_115' title='bbox 1102 1475 1227 1513; x_wconf 78' lang='lat' dir='ltr'>levati</span> <span class='ocrx_word' id='word_1_116' title='bbox 1351 1475 1400 1514; x_wconf 91' lang='lat' dir='ltr'>lO</span> 
     </span>
     <span class='ocr_line' id='line_1_25' title="bbox 228 1535 1211 1587; baseline 0.002 -15"><span class='ocrx_word' id='word_1_117' title='bbox 228 1535 496 1573; x_wconf 84' lang='lat' dir='ltr'>Praetereunt</span> <span class='ocrx_word' id='word_1_118' title='bbox 515 1540 623 1573; x_wconf 86' lang='lat' dir='ltr'>ortos</span> <span class='ocrx_word' id='word_1_119' title='bbox 645 1536 769 1573; x_wconf 83' lang='lat' dir='ltr'>isdem</span> <span class='ocrx_word' id='word_1_120' title='bbox 793 1536 842 1574; x_wconf 91' lang='lat' dir='ltr'>de</span> <span class='ocrx_word' id='word_1_121' title='bbox 865 1537 1048 1587; x_wconf 86' lang='lat' dir='ltr'>partibus</span> <span class='ocrx_word' id='word_1_122' title='bbox 1071 1537 1211 1575; x_wconf 60' lang='lat' dir='ltr'>Euros</span> 
     </span>
     <span class='ocr_line' id='line_1_26' title="bbox 222 1596 1341 1649; baseline 0.004 -16"><span class='ocrx_word' id='word_1_123' title='bbox 222 1596 302 1633; x_wconf 81' lang='lat' dir='ltr'>Sed</span> <span class='ocrx_word' id='word_1_124' title='bbox 322 1597 410 1635; x_wconf 78' lang='lat' dir='ltr'>leve</span> <span class='ocrx_word' id='word_1_125' title='bbox 430 1598 582 1646; x_wconf 76' lang='lat' dir='ltr'>pondus</span> <span class='ocrx_word' id='word_1_126' title='bbox 597 1602 695 1641; x_wconf 77' lang='lat' dir='ltr'>erat,</span> <span class='ocrx_word' id='word_1_127' title='bbox 712 1612 784 1636; x_wconf 87' lang='lat' dir='ltr'>nec</span> <span class='ocrx_word' id='word_1_128' title='bbox 801 1599 908 1649; x_wconf 82' lang='lat' dir='ltr'>quod</span> <span class='ocrx_word' id='word_1_129' title='bbox 922 1612 1160 1649; x_wconf 80' lang='lat' dir='ltr'>cognoscere</span> <span class='ocrx_word' id='word_1_130' title='bbox 1179 1604 1341 1647; x_wconf 79' lang='lat' dir='ltr'>possent</span> 
     </span>
     <span class='ocr_line' id='line_1_27' title="bbox 227 1658 1262 1711; baseline 0.004 -16"><span class='ocrx_word' id='word_1_131' title='bbox 227 1658 331 1696; x_wconf 82' lang='lat' dir='ltr'>Solis</span> <span class='ocrx_word' id='word_1_132' title='bbox 354 1660 457 1709; x_wconf 81' lang='lat' dir='ltr'>equi,</span> <span class='ocrx_word' id='word_1_133' title='bbox 479 1660 678 1710; x_wconf 84' lang='lat' dir='ltr'>solitaque</span> <span class='ocrx_word' id='word_1_134' title='bbox 700 1661 842 1711; x_wconf 83' lang='lat' dir='ltr'>iugum</span> <span class='ocrx_word' id='word_1_135' title='bbox 863 1661 1068 1711; x_wconf 82' lang='lat' dir='ltr'>gravitate</span> <span class='ocrx_word' id='word_1_136' title='bbox 1088 1661 1262 1699; x_wconf 80' lang='lat' dir='ltr'>carebat.</span> 
     </span>
     <span class='ocr_line' id='line_1_28' title="bbox 223 1720 1265 1772; baseline 0.003 -15"><span class='ocrx_word' id='word_1_137' title='bbox 223 1720 361 1770; x_wconf 86' lang='lat' dir='ltr'>thue</span> <span class='ocrx_word' id='word_1_138' title='bbox 383 1721 523 1758; x_wconf 84' lang='lat' dir='ltr'>labant</span> <span class='ocrx_word' id='word_1_139' title='bbox 543 1735 689 1759; x_wconf 83' lang='lat' dir='ltr'>curvae</span> <span class='ocrx_word' id='word_1_140' title='bbox 711 1722 818 1759; x_wconf 86' lang='lat' dir='ltr'>iusto</span> <span class='ocrx_word' id='word_1_141' title='bbox 839 1722 925 1759; x_wconf 85' lang='lat' dir='ltr'>sine</span> <span class='ocrx_word' id='word_1_142' title='bbox 946 1723 1122 1772; x_wconf 85' lang='lat' dir='ltr'>pondere</span> <span class='ocrx_word' id='word_1_143' title='bbox 1141 1736 1265 1760; x_wconf 79' lang='lat' dir='ltr'>naves</span> 
     </span>
     <span class='ocr_line' id='line_1_29' title="bbox 224 1781 1395 1832; baseline 0.004 -15"><span class='ocrx_word' id='word_1_144' title='bbox 224 1781 380 1832; x_wconf 84' lang='lat' dir='ltr'>Perque</span> <span class='ocrx_word' id='word_1_145' title='bbox 404 1796 510 1820; x_wconf 80' lang='lat' dir='ltr'>mare</span> <span class='ocrx_word' id='word_1_146' title='bbox 530 1783 742 1821; x_wconf 84' lang='lat' dir='ltr'>instabiles</span> <span class='ocrx_word' id='word_1_147' title='bbox 764 1784 891 1821; x_wconf 84' lang='lat' dir='ltr'>nimia</span> <span class='ocrx_word' id='word_1_148' title='bbox 911 1783 1078 1822; x_wconf 81' lang='lat' dir='ltr'>levitate</span> <span class='ocrx_word' id='word_1_149' title='bbox 1100 1784 1302 1829; x_wconf 84' lang='lat' dir='ltr'>feruntur,</span> <span class='ocrx_word' id='word_1_150' title='bbox 1348 1784 1395 1822; x_wconf 87' lang='lat'>15</span> 
     </span>
     <span class='ocr_line' id='line_1_30' title="bbox 223 1842 1201 1883; baseline 0.003 -3"><span class='ocrx_word' id='word_1_151' title='bbox 223 1842 290 1881; x_wconf 84' lang='lat' dir='ltr'>Sic</span> <span class='ocrx_word' id='word_1_152' title='bbox 310 1857 428 1882; x_wconf 88' lang='lat' dir='ltr'>onere</span> <span class='ocrx_word' id='word_1_153' title='bbox 449 1851 611 1883; x_wconf 85' lang='lat' dir='ltr'>assueto</span> <span class='ocrx_word' id='word_1_154' title='bbox 633 1859 785 1883; x_wconf 83' lang='lat' dir='ltr'>vacuus</span> <span class='ocrx_word' id='word_1_155' title='bbox 807 1846 879 1882; x_wconf 75' lang='lat' dir='ltr'>dut</span> <span class='ocrx_word' id='word_1_156' title='bbox 895 1846 937 1882; x_wconf 89' lang='lat' dir='ltr'>in</span> <span class='ocrx_word' id='word_1_157' title='bbox 957 1850 1051 1882; x_wconf 69' lang='lat' dir='ltr'>aera</span> <span class='ocrx_word' id='word_1_158' title='bbox 1071 1846 1201 1883; x_wconf 83' lang='lat' dir='ltr'>saltus</span> 
     </span>
     <span class='ocr_line' id='line_1_31' title="bbox 226 1904 1281 1958; baseline 0.004 -16"><span class='ocrx_word' id='word_1_159' title='bbox 226 1904 543 1957; x_wconf 86' lang='lat' dir='ltr'>Succutiturque</span> <span class='ocrx_word' id='word_1_160' title='bbox 564 1908 645 1945; x_wconf 81' lang='lat' dir='ltr'>alte</span> <span class='ocrx_word' id='word_1_161' title='bbox 667 1908 890 1958; x_wconf 80' lang='lat' dir='ltr'>similisque</span> <span class='ocrx_word' id='word_1_162' title='bbox 911 1911 972 1944; x_wconf 88' lang='lat' dir='ltr'>est</span> <span class='ocrx_word' id='word_1_163' title='bbox 993 1920 1136 1945; x_wconf 88' lang='lat' dir='ltr'>currus</span> <span class='ocrx_word' id='word_1_164' title='bbox 1158 1908 1281 1946; x_wconf 77' lang='lat' dir='ltr'>inani.</span> 
     </span>
     <span class='ocr_line' id='line_1_32' title="bbox 225 1965 1344 2021; baseline 0.004 -18"><span class='ocrx_word' id='word_1_165' title='bbox 225 1965 342 2013; x_wconf 86' lang='lat' dir='ltr'>Quod</span> <span class='ocrx_word' id='word_1_166' title='bbox 356 1968 527 2006; x_wconf 81' lang='lat' dir='ltr'>simulac</span> <span class='ocrx_word' id='word_1_167' title='bbox 543 1982 712 2011; x_wconf 81' lang='lat' dir='ltr'>sensere,</span> <span class='ocrx_word' id='word_1_168' title='bbox 729 1974 853 2005; x_wconf 77' lang='lat' dir='ltr'>ruunt</span> <span class='ocrx_word' id='word_1_169' title='bbox 867 1969 1090 2020; x_wconf 77' lang='lat' dir='ltr'>tritumque</span> <span class='ocrx_word' id='word_1_170' title='bbox 1108 1970 1344 2021; x_wconf 81' lang='lat' dir='ltr'>relinquunt</span> 
     </span>
     <span class='ocr_line' id='line_1_33' title="bbox 225 2027 1361 2080; baseline 0.004 -16"><span class='ocrx_word' id='word_1_171' title='bbox 225 2027 469 2076; x_wconf 68' lang='lat' dir='ltr'>Quadriiugi</span> <span class='ocrx_word' id='word_1_172' title='bbox 492 2030 671 2080; x_wconf 77' lang='lat' dir='ltr'>spatium</span> <span class='ocrx_word' id='word_1_173' title='bbox 696 2044 765 2068; x_wconf 79' lang='lat' dir='ltr'>nec</span> <span class='ocrx_word' id='word_1_174' title='bbox 785 2044 863 2080; x_wconf 85' lang='lat' dir='ltr'>quo</span> <span class='ocrx_word' id='word_1_175' title='bbox 887 2031 996 2080; x_wconf 78' lang='lat' dir='ltr'>prius</span> <span class='ocrx_word' id='word_1_176' title='bbox 1017 2033 1160 2071; x_wconf 87' lang='lat' dir='ltr'>ordine</span> <span class='ocrx_word' id='word_1_177' title='bbox 1181 2036 1361 2070; x_wconf 77' lang='lat' dir='ltr'>cnm-unt.</span> 
     </span>
     <span class='ocr_line' id='line_1_34' title="bbox 227 2090 1394 2140; baseline 0.003 -13"><span class='ocrx_word' id='word_1_178' title='bbox 227 2090 320 2139; x_wconf 86' lang='lat' dir='ltr'>lpse</span> <span class='ocrx_word' id='word_1_179' title='bbox 343 2096 472 2140; x_wconf 79' lang='lat' dir='ltr'>pavet.</span> <span class='ocrx_word' id='word_1_180' title='bbox 510 2091 593 2129; x_wconf 75' lang='lat' dir='ltr'>Nec</span> <span class='ocrx_word' id='word_1_181' title='bbox 608 2106 685 2140; x_wconf 77' lang='lat' dir='ltr'>qua</span> <span class='ocrx_word' id='word_1_182' title='bbox 700 2093 933 2130; x_wconf 74' lang='lat' dir='ltr'>commissas</span> <span class='ocrx_word' id='word_1_183' title='bbox 948 2093 1085 2132; x_wconf 79' lang='lat' dir='ltr'>flectat</span> <span class='ocrx_word' id='word_1_184' title='bbox 1102 2094 1293 2136; x_wconf 76' lang='lat' dir='ltr'>habenas,</span> <span class='ocrx_word' id='word_1_185' title='bbox 1344 2091 1394 2131; x_wconf 79' lang='grc'>20</span> 
     </span>
     <span class='ocr_line' id='line_1_35' title="bbox 227 2151 1326 2206; baseline 0.002 -17"><span class='ocrx_word' id='word_1_186' title='bbox 227 2151 312 2189; x_wconf 75' lang='lat' dir='ltr'>Noc</span> <span class='ocrx_word' id='word_1_187' title='bbox 332 2153 420 2193; x_wconf 77' lang='lat' dir='ltr'>scit,</span> <span class='ocrx_word' id='word_1_188' title='bbox 443 2167 522 2203; x_wconf 75' lang='lat' dir='ltr'>qna</span> <span class='ocrx_word' id='word_1_189' title='bbox 541 2154 591 2189; x_wconf 80' lang='lat' dir='ltr'>sit</span> <span class='ocrx_word' id='word_1_190' title='bbox 617 2156 715 2195; x_wconf 69' lang='lat' dir='ltr'>itm-2</span> <span class='ocrx_word' id='word_1_191' title='bbox 747 2168 829 2193; x_wconf 73' lang='lat' dir='ltr'>noc.</span> <span class='ocrx_word' id='word_1_192' title='bbox 852 2155 884 2191; x_wconf 70' lang='lat' dir='ltr'>si</span> <span class='ocrx_word' id='word_1_193' title='bbox 907 2155 1019 2195; x_wconf 79' lang='lat' dir='ltr'>sciat.</span> <span class='ocrx_word' id='word_1_194' title='bbox 1042 2156 1215 2206; x_wconf 72' lang='lat' dir='ltr'>imperet</span> <span class='ocrx_word' id='word_1_195' title='bbox 1236 2155 1326 2193; x_wconf 32' lang='lat' dir='ltr'>illis&lt;</span> 
     </span>
     <span class='ocr_line' id='line_1_36' title="bbox 228 2212 1192 2264; baseline 0.006 -16"><span class='ocrx_word' id='word_1_196' title='bbox 228 2212 331 2249; x_wconf 80' lang='lat' dir='ltr'>&#39;rum</span> <span class='ocrx_word' id='word_1_197' title='bbox 357 2214 529 2263; x_wconf 76' lang='lat' dir='ltr'>primum</span> <span class='ocrx_word' id='word_1_198' title='bbox 555 2215 680 2251; x_wconf 71' lang='lat' dir='ltr'>nuliis</span> <span class='ocrx_word' id='word_1_199' title='bbox 697 2215 821 2264; x_wconf 64' lang='lat' dir='ltr'>gelidi</span> <span class='ocrx_word' id='word_1_200' title='bbox 843 2215 1003 2253; x_wconf 78' lang='lat' dir='ltr'>caluere</span> <span class='ocrx_word' id='word_1_201' title='bbox 1025 2215 1192 2254; x_wconf 84' lang='lat' dir='ltr'>Triones</span> 
     </span>
    </p>
   </div>
  </div>
 </body>
</html>
