1491 2390
108 72 159 109 ‘70

108 1597 169 1638 60.

535 83 691 111 STORIES
720 82 826 111 FROM
856 83 960 111 OVID.

218 189 410 241 Cepimus
431 194 472 228 et
491 194 654 228 tenerae
674 190 828 241 primos
848 189 996 227 aetatis
1015 189 1200 235 honores,

269 252 382 302 Eque
403 252 503 290 viris
524 252 728 302 quondam
748 265 842 301 pars
863 251 996 288 tribus
1016 265 1098 288 una
1117 251 1190 288 fui.

217 312 343 351 Curia
362 314 555 351 restabat.
614 313 732 350 Clavi
752 325 942 350 mensura
961 316 1099 350 coacta
1119 315 1181 350 est
1198 329 1205 349 :
1329 312 1379 350 35

269 375 404 412 Maius
425 378 513 412 erat
531 375 682 412 nostris
702 374 858 412 viribus
879 375 984 411 illud
1003 387 1115 412 onus.

216 435 301 474 Nec
321 436 481 486 patiens
502 449 659 486 corpus,
680 449 753 473 nec
773 449 886 473 mens
906 436 988 472 fuit
1008 439 1105 486 apta
1124 435 1264 480 labori,

272 497 559 547 Sollicitaeque
580 497 708 547 fugax
729 497 964 534 ambitionis
985 511 1107 542 eram,

218 558 272 595 Et
292 562 429 608 petere
450 559 607 596 Aoniae
627 559 854 596 suadebant
874 562 966 596 tuta
986 572 1140 596 sorores

272 619 379 666 Otia,
400 621 551 657 iudicio
572 633 733 670 semper
752 624 888 658 amata
906 634 1006 658 meo.
1330 619 1382 658 40

217 681 428 731 Temporis
448 682 560 718 illius
582 681 688 719 colui
708 682 871 732 fovique
891 685 1043 732 poetas,

271 742 458 793 Quotque
478 743 649 781 aderant
668 747 793 787 vates‚
815 743 935 780 rebar
953 744 1093 781 adesse
1114 743 1217 781 deos.

220 804 349 855 Saepe
370 818 463 842 suas
484 805 669 842 volucres
691 805 792 854 legit
811 805 914 841 mihi
933 806 1128 856 grandior
1148 819 1258 850 aevo,

272 865 462 916 Quaeque
482 870 600 904 nocet
619 879 796 917 serpens,
818 879 920 916 quae
940 867 1056 904 iuvat
1076 866 1215 912 herba,
1231 866 1381 904 Macer.

219 927 349 978 Saepe
369 941 462 965 suos
483 928 628 965 solitus
649 928 820 965 recitare
842 928 1079 978 Propertius
1101 929 1216 978 ignes
1338 928 1381 965 45

271 989 365 1027 Iure
386 989 587 1034 sodalitio,
610 1003 688 1039 quo
708 989 812 1026 mihi
831 990 994 1027 iunctus
1016 994 1115 1027 erat.

226 1050 272 1087 Et
292 1051 427 1088 tenuit
446 1056 606 1088 nostras
626 1064 866 1088 numerosus
887 1051 1087 1088 Horatius
1109 1064 1239 1097 aures,

271 1112 382 1149 Dum
401 1112 500 1150 ferit
519 1112 703 1150 Ausonia
723 1113 904 1150 carmina
925 1113 1035 1150 culta
1055 1113 1155 1163 lyra.

226 1172 451 1223 Vergilium
472 1174 559 1210 vidi
580 1178 765 1219 tantum3
795 1187 868 1211 nec
889 1187 1028 1211 amara
1048 1174 1211 1212 Tibullo

271 1235 448 1285 Tempus
470 1235 673 1273 amicitiae
693 1236 782 1272 fata
802 1236 948 1273 dedere
968 1249 1092 1273 meae.
1210 1245 1213 1247 ’
1332 1235 1383 1276 50

221 1296 436 1334 Successor
455 1297 537 1334 fuit
557 1297 623 1334 hic
644 1297 732 1342 tibi,
755 1297 884 1339 Galle,
908 1297 1148 1347 Propertius
1167 1297 1252 1344 illi;

273 1357 453 1406 Quartus
474 1358 526 1396 ab
547 1359 609 1396 his
630 1359 733 1396 serie
752 1359 947 1409 temporis
968 1359 1055 1410 ipse
1074 1359 1147 1397 fui.

680 1513 816 1552 Echo.

219 1599 341 1637 Forte
362 1612 474 1650 puer,
495 1599 691 1637 comitum
712 1600 904 1637 seductus
925 1599 976 1638 ab
996 1601 1159 1650 agmine
1180 1600 1270 1644 fido,

219 1660 392 1699 Dixerat
432 1661 616 1711 “Ecquis
657 1661 772 1698 adest
789 1660 847 1706 ?,’'
879 1666 920 1699 et
953 1662 1119 1700 “Adest
1136 1663 1143 1700 !
1160 1662 1181 1676 ‘’
1221 1675 1380 1714 respon-

325 1723 441 1760 derat
467 1723 588 1760 Eeho.

219 1783 299 1821 Hic
320 1788 470 1834 stupet,
493 1792 614 1834 atque
635 1785 761 1821 aciem
784 1788 920 1834 partes
943 1783 1118 1822 dimittit
1139 1785 1181 1822 in
1202 1798 1352 1823 onmes.

216 1844 326 1882 Voce
343 1844 531 1882 “VeuiI''
555 1859 703 1895 magna
724 1846 890 1883 clamat:
924 1853 1043 1883 vocat·
1064 1847 1136 1884 illa
1156 1854 1383 1887 vocantem.

219 1906 417 1957 Respicit,
433 1911 472 1944 et
487 1920 626 1944 rursus
643 1907 756 1944 nullo
771 1908 958 1945 veniente
981 1915 1002 1925 ‘⁸
1020 1907 1129 1955 Quid
1147 1907 1168 1922 ”
1190 1909 1320 1959 inquit
1363 1911 1385 1945 ἱ)

219 1974 239 1989 “
258 1971 322 2008 Me
343 1972 452 2020 fugis
474 1972 491 2008 ἶν’
510 1971 530 1984 ”
553 1976 593 2008 et
615 1971 798 2012 totidem,
821 1977 916 2021 quot
939 1971 1056 2014 dixit,
1080 1972 1204 2009 verba
1219 1973 1381 2024 recepit.

219 2032 393 2072 Perstat,
416 2038 456 2069 et
477 2033 659 2070 alternae
681 2033 875 2083 deceptus
898 2033 1077 2080 imagine
1098 2034 1207 2071 vocis

217 2096 239 2112 ‘⁶
258 2094 351 2131 Huc
371 2099 557 2131 cofiamus
574 2094 580 2131 !
598 2094 618 2103 ”
641 2095 710 2135 ait,
734 2094 916 2143 nullique
938 2094 1134 2132 libentius
1155 2107 1348 2145 umquam

218 2154 478 2204 Responsura
500 2169 596 2191 sono
618 2162 639 2173 ⁸⁸
660 2155 856 2192 Cofiamus
874 2155 880 2191 !
900 2155 922 2169 ”
944 2156 1106 2192 rettulit
1129 2156 1249 2194 Echo.

220 2216 272 2253 Et
294 2216 426 2254 verbis
451 2216 557 2253 favet
583 2217 669 2266 ipsu
692 2217 788 2256 suis.
810 2231 1051 2267 egressaque
1073 2217 1178 2255 silva
1340 2217 1388 2256 10
