1491 2390
235 89 327 117 now
353 89 525 121 TARQUIN
551 88 628 116 Tm:
658 89 862 117 ARROGANT
889 90 990 118 ‘roox
1019 91 1138 118 own.
1265 81 1319 121 45

156 193 169 212 ‘
183 192 302 231 Unus
322 193 411 238 erit,
432 206 552 242 quem
571 196 620 230 tu
638 193 755 231 tolles
776 193 819 229 in
840 194 1001 231 caerula
1020 195 1120 232 caeli
1137 194 1145 209 '

211 253 273 290 Tu
292 254 395 290 mihi
415 254 557 291 dixisti
574 270 581 291 :
613 254 696 291 sint
715 257 806 291 rata
825 254 935 292 dicta
955 255 1103 292 Iovis.''

157 314 346 364 Iuppiter
365 320 574 352 annuerat.
632 314 749 351 Nutu
768 314 1032 352 tremefactus
1052 320 1223 367 uterque

210 375 286 412 Est
305 375 435 424 polus,
457 379 497 412 et
516 375 616 412 caeli
636 375 816 425 pondera
835 376 964 412 movit
983 377 1115 414 Atlas.
1268 377 1320 418 lO

157 436 233 473 Est
253 435 375 480 locus,
398 435 556 485 antiqui
577 434 758 486 Capreae
779 437 917 474 dixere
937 437 1130 487 paludem
1149 456 1155 476 :

211 497 333 535 Forte
353 498 434 534 tuis
451 497 547 542 illic,
569 497 754 543 Romule,
775 499 865 535 iura
887 499 1022 536 dabas.

161 557 229 597 Sol
247 558 369 609 fugit,
389 563 430 596 et
450 564 658 596 removent
679 559 897 597 subeuntia
917 560 1059 597 nubila
1079 561 1246 607 caelum,

212 620 265 657 Et
285 620 422 670 gravis
443 620 581 658 effusis
603 620 754 657 decidit
774 620 904 657 imber
923 621 1049 670 aquis.

147 681 267 735 'Hinc
280 686 405 725 tonat,
416 681 510 718 hinc
518 681 653 718 missis
661 681 922 731 abrumpitur
930 682 1094 731 ignibus
1103 683 1254 720 aether.
1267 683 1317 720 15

213 743 280 779 Fit
299 743 410 792 fuga,
431 756 502 779 rex
522 742 667 792 patriis
687 747 798 779 astra
818 743 983 792 petebat
1003 743 1127 792 equis.

159 803 312 841 Luctus
333 809 432 847 erat,
453 803 659 852 falsaeque
678 807 816 852 patres
837 803 880 839 in
899 803 1067 841 crimine
1089 804 1243 842 caedis:

215 865 505 914 Haesissetque
525 864 671 901 animis
691 863 866 901 forsitan
884 864 956 901 illa
975 864 1072 901 fides

161 926 240 964 Sed
263 926 457 963 Proculus
479 925 619 975 Longa
637 925 827 962 veniebat
847 925 977 963 Iulius
998 926 1117 971 Alba,

214 987 407 1036 Luna-que
426 986 623 1037 fulgebat,
644 999 717 1024 nec
736 986 837 1023 facis
858 999 955 1023 usus
976 994 1074 1032 erat,
1268 986 1321 1025 20

161 1048 266 1087 Cum
286 1048 420 1085 subito
440 1053 553 1085 motu
574 1060 712 1098 saepes
734 1052 935 1085 tremuere
956 1049 1146 1086 sinistrae
1164 1065 1227 1085 z·—

213 1110 393 1148 Rettulit
412 1110 482 1147 ille
501 1109 663 1159 graduS‚
684 1109 1010 1159 horrueruntque
1031 1123 1167 1147 comae
1183 1127 1245 1147 :—

162 1171 339 1209 Pulcher
358 1175 399 1208 et
418 1171 596 1208 humano
615 1171 745 1207 maior
763 1171 982 1220 trabeaque
1003 1171 1170 1209 decorus

215 1233 414 1270 Romulus
434 1233 478 1269 in
496 1232 631 1269 media
649 1232 762 1269 visus
783 1232 922 1270 adesse
942 1233 1010 1270 via

161 1294 216 1332 Et
235 1295 387 1332 dixisse
408 1294 530 1331 simul
552 1296 573 1311 “
590 1293 766 1331 Prohibe
787 1293 926 1344 lugere
947 1293 1141 1341 Quirites,
1270 1294 1319 1332 25

214 1356 299 1393 Nec
319 1355 471 1393 violent
492 1355 669 1392 lacrimis
689 1355 859 1392 numina
877 1360 1018 1393 nostra
1037 1356 1132 1393 suis.

161 1417 270 1455 Tura
285 1418 432 1461 ferant,
446 1417 686 1467 placentque
707 1430 857 1453 novum
877 1417 947 1467 pia
966 1417 1086 1454 turba
1102 1416 1322 1463 Quirinum

214 1480 268 1516 Et
287 1479 442 1530 patrias
463 1483 570 1516 artes
591 1478 862 1528 militiamque
882 1478 1055 1516 colant.’'

161 1541 300 1586 Iussit,
322 1546 361 1578 et
381 1541 425 1577 in
445 1546 586 1577 tenues
607 1540 733 1577 oculis
754 1540 920 1577 evanuit
941 1553 1071 1577 auras.

215 1602 421 1640 Convocat
441 1602 507 1639 hic
526 1601 709 1652 populos,
729 1601 918 1650 iussaque
938 1601 1062 1639 verba
1080 1601 1217 1639 refert.
1272 1600 1324 1639 30

162 1664 332 1715 Templa
352 1664 425 1701 deo
446 1664 560 1700 fiunt.
617 1661 743 1700 Collis
763 1675 920 1712 quoque
945 1663 1078 1700 dictus
1099 1663 1150 1700 ab
1170 1662 1241 1700 illo
1261 1662 1326 1699 est

215 1726 270 1763 Et
288 1725 472 1763 referunt
491 1724 593 1762 certi
612 1737 726 1762 sacra
745 1729 916 1775 paterna
935 1724 1031 1762 dies.

185 1924 298 1961 How
324 1922 528 1970 'rai-quin
555 1921 635 1958 the
662 1921 895 1968 Arrogant
920 1920 1028 1959 took
1055 1920 1201 1960 Gabii„

164 2032 326 2071 mtima
345 2033 590 2083 Tarquinius
613 2033 820 2071 Romanae
840 2033 975 2084 gentis
996 2033 1173 2071 habebat

220 2095 376 2146 Regna,
397 2095 462 2132 vir
479 2095 669 2141 iniustus,
690 2095 808 2133 fortis
830 2095 882 2133 ad
902 2108 1015 2132 arma
1034 2098 1182 2132 tamen.

166 2155 342 2207 Ceperat
362 2157 428 2195 hic
448 2157 561 2202 alias,
583 2157 683 2195 alias
704 2160 907 2195 everterat
928 2156 1059 2199 urbes,

219 2218 274 2256 Et
294 2219 444 2257 Gabios
465 2219 578 2270 turpi
596 2219 750 2257 fecerat
769 2222 856 2256 arte
877 2231 981 2255 suos.
