1491 2390
124 86 174 124 68
547 96 704 124 s'romsss
735 96 838 124 mon
867 96 971 124 οπο.

511 203 553 239 Δ
581 202 758 239 Roman
786 201 1017 248 'triumph

122 260 183 299 58.
227 262 337 312 Ergo
356 263 487 300 omnis
507 262 683 312 populus
703 262 856 312 poterit
876 266 1059 313 spectare
1079 264 1323 315 triumphos,

285 323 470 372 Cumque
491 323 642 360 ducum
661 323 796 359 titulis
818 323 971 373 oppida
991 328 1111 375 capta
1130 325 1252 376 leget,

227 383 457 433 Vinclaque
478 383 642 433 captiva
662 396 777 432 reges
799 384 955 421 cervice
975 390 1162 434 gerentes

279 445 391 482 Ante
411 448 622 482 coronatos
642 444 700 480 ire
720 443 877 481 videbit
898 457 1032 494 equos,

228 506 283 543 Ee
303 508 441 543 cernet
464 505 605 542 vultus
627 504 718 541 aliis
738 518 812 554 pro
832 509 1014 555 tempore
1034 519 1184 553 versos,
1376 506 1401 548 ὅ

280 566 500 604 Terribiles
521 565 614 603 aliis
634 565 972 615 immemoresque
993 567 1069 604 sui.

228 627 411 674 Quorum
430 639 526 677 pars
547 639 689 664 causas
711 631 752 664 et
771 639 835 664 res
856 631 897 664 et
917 628 1084 666 nomina
1103 633 1284 679 quaeret,

281 689 381 726 Pars
401 688 564 733 referet,
581 688 769 737 quamvis
790 688 952 725 noverit
971 689 1044 726 illa
1063 703 1222 740 parum.

227 754 250 768 “
265 750 357 794 Hic,
378 749 449 799 qui
471 748 638 786 Sidonio
658 748 791 798 fulget
811 748 998 786 sublimis
1019 749 1062 786 in
1081 755 1203 797 ostro,

281 811 373 847 Dux
396 810 533 848 fuerat
552 810 659 854 belli,
680 809 892 860 proximus
911 809 979 846 ille
1000 809 1106 848 duci.
1350 813 1402 854 10

228 873 318 911 Hic,
341 873 411 921 qui
432 885 539 908 nunc
560 871 602 908 in
622 871 746 908 humo
766 871 904 909 lumen
925 871 1152 910 miserabile
1172 874 1274 920 fixit,

279 933 372 970 Non
392 933 471 970 isto
490 932 622 977 vultu,
645 945 737 969 cum
757 932 857 969 tulit
876 945 1000 973 arma,
1021 933 1114 970 fuit.

225 995 301 1031 Ille
321 995 436 1031 ferox
457 998 498 1031 et
518 993 651 1030 adhuc
672 993 798 1030 oculis
820 993 1039 1030 hostilibus
1061 994 1207 1032 ardens

279 1055 481 1093 Hortator
499 1067 662 1104 pugnae
683 1054 978 1103 consiliumque
998 1054 1095 1091 fuit:

225 1117 409 1154 Perfidus
430 1116 497 1153 hic
516 1120 676 1152 nostros
697 1115 866 1152 inclusit
885 1114 1031 1152 fraude
1052 1115 1246 1161 locorum,
1354 1114 1400 1152 15

280 1177 475 1227 Squalida
496 1177 706 1227 promissis
727 1177 797 1226 qui
818 1176 921 1226 tegit
943 1189 1013 1213 ora
1033 1177 1170 1214 comis.

223 1239 313 1284 Illo,
335 1238 405 1288 qui
425 1232 621 1288 sequitur,
643 1237 783 1274 dicunt
805 1246 983 1275 mactata
1004 1238 1193 1275 ministro

279 1299 408 1350 Saepe
426 1299 634 1337 recusanti
654 1311 823 1348 corpora
843 1304 963 1349 capta
985 1299 1070 1336 deo.

223 1361 304 1399 Hic
324 1361 449 1406 lacus,
470 1361 514 1397 hi
534 1364 703 1402 montes,
726 1360 825 1397 haec
846 1365 906 1397 tot
927 1360 1106 1401 castella,
1129 1364 1190 1398 tot
1211 1372 1350 1399 amnes

276 1422 404 1460 Plena
423 1423 532 1459 ferae
554 1421 699 1459 caedis.
722 1421 841 1471 plena
862 1422 1016 1459 cruoris
1043 1425 1181 1459 erant:
1345 1419 1410 1461 20·

222 1484 382 1521 Drusus
403 1484 446 1520 in
466 1483 529 1520 his
550 1483 699 1520 meruit
720 1483 923 1533 quondam
943 1483 1185 1533 cognomina
1203 1482 1337 1529 terris,

276 1544 389 1592 Quae
410 1545 516 1583 bona
536 1545 762 1596 progenies,
785 1545 909 1595 digna
931 1548 1113 1596 parente,
1134 1544 1228 1581 fuit.

222 1606 426 1645 Cornibus
449 1607 514 1644 hic
534 1607 688 1650 fractis,
711 1607 832 1644 viridi
854 1607 960 1644 male
981 1610 1112 1644 tectus
1133 1605 1184 1643 ab
1202 1604 1314 1649 ulva,

275 1668 450 1706 Decolor
469 1669 555 1719 ipse
575 1681 647 1705 suo
669 1669 869 1718 sanguine
891 1668 1060 1705 Rhenus
1081 1670 1179 1705 erat.

221 1727 415 1767 Crinibus
436 1743 485 1767 en
506 1729 630 1766 etiam
651 1729 785 1766 fertur
805 1728 1023 1767 Germania
1044 1727 1188 1779 passis,
1342 1725 1392 1766 25

275 1790 328 1827 Et
348 1790 462 1828 ducis
482 1790 627 1827 invicti
648 1790 723 1827 sub
745 1790 846 1840 pede
866 1795 1020 1826 maesta
1041 1788 1153 1827 sedet
1170 1803 1179 1834 ;

221 1850 418 1903 Collaque
440 1852 647 1889 Romanae
669 1852 866 1903 praebens
887 1851 1070 1888 animosa
1089 1848 1222 1887 securi

271 1912 451 1951 Vincula
470 1914 550 1951 fert
572 1913 654 1952 illa.
675 1906 870 1963 qua'tulit
893 1925 1017 1955 arma,
1039 1909 1204 1948 manu.’'

219 1973 307 2013 Hos
329 1989 452 2026 super
471 1975 512 2012 in
533 1989 666 2017 curru,
690 1974 851 2016 Caesar.
873 1974 1025 2011 victore
1047 1971 1208 2010 veheris

274 2035 510 2087 Purpureus
531 2036 672 2086 populi
692 2036 770 2073 rite
791 2049 864 2086 per
881 2048 952 2072 ora
971 2035 1030 2072 tui
1047 2051 1054 2072 ε
1339 2029 1394 2071 30

218 2094 388 2147 Quaque
410 2098 499 2137 ibis,
517 2098 705 2134 manibus
727 2096 1075 2147 circumplaudere
1097 2099 1274 2141 tuorum,

272 2159 464 2208 Undique
486 2160 634 2196 iactato
656 2159 750 2196 flore
771 2162 934 2209 tegente
955 2157 1053 2194 vias.

220 2219 421 2270 Tempora
446 2209 628 2257 Phoebea
654 2221 766 2257 lauro
788 2221 987 2269 cingetur,
1009 2223 1030 2236 ⁴·
1050 2218 1093 2255 Io
1108 2215 1209 2269 ''que

272 2281 405 2325 Miles,
429 2286 450 2299 ‘⁸
466 2281 511 2319 Io
526 2281 561 2318 !''
584 2295 732 2329 inagna
753 2295 861 2319 voce.
885 2287 906 2299 ⁶·
925 2279 1153 2330 Triumphe
1169 2278 1205 2317 !'’
1226 2282 1354 2316 canet.
