1491 2390
19 1816 81 1859 47.

95 118 124 147 Δ
148 119 309 146 ΙιΑΜΕΝΤ
337 119 410 147 FOR
437 119 516 146 THE
545 120 675 147 DEATH
705 120 752 148 OF
779 120 856 147 THE
886 120 984 148 POET
1007 121 1211 151 TIBULLUS.
1241 111 1292 151 57

128 224 291 275 Aspice,
313 225 500 264 demissis
519 230 568 264 ut
587 230 653 265 eat
671 227 918 265 miserabilis
938 227 1014 265 alis

184 285 434 337 Pectoraque
455 288 605 326 infesta
624 289 773 326 tundat
793 293 935 340 aperta
954 302 1102 335 manu3
1244 288 1292 328 10

110 347 353 398 ·Excipiunt
373 349 561 387 lacrimas
582 350 713 400 sparsi
733 363 807 400 per
825 351 929 388 colla
948 350 1100 402 capilli,

183 408 344 459 Oraque
364 411 550 461 singultu
570 412 825 450 concutiente
844 416 1013 450 sonant:

128 471 285 508 Fratris
306 472 349 508 in
368 473 529 510 Aeneae
550 473 607 510 sic
627 473 745 510 illum
765 474 908 511 funere
928 474 1071 511 dicunt

181 532 404 582 Egressum
424 534 554 578 tectis,
576 534 748 584 pulcher
766 534 867 579 Iule,
889 535 994 580 tuis;

128 591 170 630 Ν
172 606 215 631 ec
234 593 368 631 minus
389 602 450 632 est
470 595 639 632 confusa
656 594 798 633 Venus
818 596 1016 633 moriente
1037 595 1212 642 Tibullo,
1244 594 1293 634 15

182 653 314 701 Quam
334 655 474 693 iuveni
493 656 607 706 rupit
629 669 721 693 cum
740 657 851 694 ferus
872 657 1024 707 inguen
1044 670 1152 707 aper.

126 715 185 752 At
200 717 304 753 sacri
327 721 439 754 vates
459 723 500 755 et
521 718 662 755 divum
683 731 779 756 cura
798 731 1015 764 vocamm‘3

182 776 287 815 Sunt
307 779 443 825 etiam,
464 780 535 830 qui
554 793 625 817 nos
646 793 797 817 numen
817 780 966 817 habere
987 783 1145 830 putent.

128 836 295 877 Scilicet
314 853 432 878 omne
452 854 613 879 sacrum
632 855 741 878 mors
761 841 998 891 importuna
1020 841 1224 891 profanat,

180 899 380 939 Omnibus
401 902 593 940 obscuras
613 903 730 940 inicit
751 903 823 940 illa
842 902 1010 940 manus!
1242 901 1293 939 20

126 959 237 1008 Quid
255 969 374 1012 pater
392 963 575 1008 Ismario,
597 964 698 1013 quid
716 968 850 1001 mater
867 964 1025 1013 profuit
1047 962 1211 1013 Orpheo
1228 961 1246 1000 P

180 1023 370 1062 Carmine
390 1025 489 1075 quid
508 1025 637 1062 victas
658 1025 904 1075 obstipuisse
924 1025 1032 1062 feras
1050 1023 1068 1061 Ρ

126 1087 151 1103 “
165 1085 342 1122 Aelinon
359 1086 366 1123 !
382 1085 402 1100 ”
423 1086 467 1123 in
487 1086 602 1123 silvis
622 1086 730 1124 idem
749 1090 868 1136 pater
888 1090 909 1103 ‘'·
926 1086 1089 1123 aelinon
1103 1085 1111 1122 I
1127 1085 1148 1099 ’'
1171 1085 1266 1122 altis

181 1147 346 1185 Dicitur
364 1148 496 1184 invita
515 1147 767 1185 concinuisse
786 1147 902 1197 lyra3

124 1206 255 1246 Adice
275 1209 530 1254 Maeoniden,
551 1222 575 1246 a
593 1222 672 1258 quo
692 1222 764 1246 ceu
783 1208 897 1246 fonte
917 1208 1087 1259 perenni
1241 1207 1290 1244 25

177 1269 334 1307 Vatum
356 1270 502 1308 Pieriis
522 1283 591 1307 ora
612 1270 802 1319 rigantur
821 1270 960 1320 aquis3

125 1330 248 1369 Hunc
268 1345 425 1382 quoque
445 1345 605 1368 summa
625 1331 710 1368 dies
731 1331 849 1382 nigro
870 1331 1090 1368 submersit
1110 1331 1288 1368 Averno.

179 1393 409 1443 Defugiunt
429 1393 568 1430 avidos
589 1393 770 1430 carmina
791 1392 877 1430 sola
894 1405 1035 1442 rogos:

125 1454 271 1499 Durat,
292 1467 394 1505 opus
415 1459 569 1499 vatum,
591 1454 756 1491 Troiani
775 1454 887 1491 fama
907 1453 1059 1491 laboris

177 1515 389 1566 Tardaque
408 1520 606 1553 nocturno
626 1515 709 1553 tela
728 1520 887 1553 retexta
908 1515 1011 1552 dolo.
1239 1513 1291 1551 30

125 1577 194 1616 Sic
212 1577 399 1615 Nemesis
421 1578 599 1627 longum,
620 1577 678 1614 sic
699 1577 818 1614 Delia
838 1590 985 1614 nomen
1005 1575 1229 1620 habebunt,

176 1639 322 1677 Altera
342 1652 438 1676 cura
458 1651 608 1683 recens,
629 1638 761 1676 altera
779 1638 936 1689 primus
957 1650 1082 1674 amor.

624 1745 686 1796 (b)

124 1817 230 1857 Cum
247 1818 417 1869 rapiunt
436 1816 545 1855 mala
564 1816 652 1855 fata
670 1817 807 1861 bonos,
832 1816 1050 1866 (ignoscite
1070 1816 1179 1854 fasso
1197 1815 1227 1865 l)

178 1880 387 1918 Sollicitor
403 1879 538 1917 nullos
559 1891 644 1916 esse
665 1884 811 1928 putare
824 1869 938 1915 deos.

122 1941 230 1980 Vive
250 1942 368 1992 pius:
398 1941 592 1986 moriere;
621 1940 715 1990 pius
735 1939 820 1976 cole
840 1952 976 1977 sacra:
1007 1939 1207 1977 colentem

176 2003 289 2041 Mors
308 2002 446 2053 gravis
467 2015 491 2039 a
510 2001 674 2052 templis
693 2001 738 2038 in
757 2013 857 2038 cava
876 2000 1000 2038 busta
1017 2000 1156 2037 trahet
1173 2016 1180 2045 ;

122 2064 386 2104 Carminibus
406 2063 561 2102 confide
580 2062 697 2100 bonis
715 2078 722 2099 :
753 2062 871 2106 iacet,
893 2074 994 2107 ecce,
1017 2061 1229 2107 Tibullus3
1264 2062 1288 2098 5

174 2126 259 2164 Vix
277 2130 418 2163 manet
435 2138 457 2162 e
476 2129 575 2170 toto,
596 2137 724 2175 parva
744 2123 852 2174 quod
869 2136 975 2160 urna
994 2123 1116 2173 capit.

121 2187 243 2233 Tene,
265 2200 379 2225 sacer
396 2190 524 2231 vates,
544 2186 731 2223 flammae
751 2197 922 2235 rapuere
943 2184 1102 2235 rogales

175 2248 415 2287 Pectoribus
433 2247 547 2300 pasci
566 2260 640 2285 nec
660 2247 833 2284 timuere
853 2246 937 2283 tuis
955 2245 974 2283 Ρ
