1491 2390
123 89 174 127 60
442 130 445 132 ‚
547 97 704 125 s'roams
734 97 840 124 mou
870 96 976 124 ovm.

228 204 396 254 Iamque
417 204 504 241 cibo
525 202 699 252 vinoque
719 215 864 252 graves
885 215 1105 252 somnoque
1125 201 1324 248 iacebant,
1343 201 1392 240 15

283 265 557 314 Securumque
578 263 690 313 quies
711 263 796 300 alta
814 276 888 313 per
906 263 1039 313 Argos
1060 266 1170 308 erat3

226 326 393 365 Circum
413 338 477 362 me
496 325 672 375 gemitus
693 324 941 361 morientum
960 324 1101 361 audire
1120 323 1311 369 videbar3

281 388 335 424 Et
354 390 493 424 tamen
512 385 716 430 audibam,
733 385 919 435 quodque
938 384 1120 431 verebar,
1142 388 1240 423 erat.

226 448 405 498 Sanguis
422 447 520 490 abit,
535 449 792 496 mentemque
813 446 924 483 calor
942 459 1167 496 corpusque
1182 445 1390 496 relinquit,

279 510 407 559 Inque
427 521 532 546 novo
552 507 660 544 iacui
678 507 832 557 frigida
846 507 958 545 facta
977 511 1077 545 toro.
1342 506 1392 545 20

223 572 286 610 Ut
305 571 387 608 leni
409 570 585 620 zephyro
605 569 778 618 graciles
798 568 1018 606 vibrantur
1037 569 1200 615 aristae,

278 632 448 682 Frigida
466 631 662 682 populeas
683 634 730 667 ut
749 630 885 680 quatit
905 643 1005 668 aura
1024 643 1171 676 comas,

222 694 311 732 Aut
331 694 400 738 sic,
422 696 494 730 aut
514 692 639 730 etiam
658 692 809 729 tremui
827 691 982 741 magis3
1012 692 1100 742 ipse
1119 691 1292 738 iaeebas,

277 755 470 805 Quaeque
491 754 568 791 tibi
588 753 790 799 dederam,
811 753 910 791 vina
928 753 1085 804 soporis
1106 757 1234 792 erant.

221 818 448 855 Excussere
468 819 624 853 metum
642 815 814 852 violenti
832 815 946 853 iussa
963 815 1147 866 parentis
1162 832 1170 853 :
1339 815 1390 854 25

276 879 424 928 Erigor
439 882 480 915 et
500 877 615 927 capio
636 877 719 914 tela
738 881 938 915 tremente
958 891 1095 915 manu.

219 940 315 979 Non
335 953 408 989 ego
427 939 534 976 falsa
554 939 716 988 loquar:
747 942 811 976 ter
829 942 996 976 acutum
1011 939 1181 976 sustulit
1201 952 1350 985 ensem,

274 1002 354 1039 Ter
372 1001 478 1039 male
499 1000 660 1038 sublato
679 1000 849 1037 reccidit
869 1013 963 1038 ense
982 1013 1127 1037 manus
1143 1016 1151 1045 3

216 1063 399 1102 Admovi
417 1063 570 1113 iugulo,
596 1061 701 1110 (sine
720 1074 786 1099 me
806 1061 884 1098 tibi
903 1075 1000 1100 vera
1018 1061 1142 1099 fateri
1155 1061 1185 1111 l)

271 1125 450 1163 Admovi
468 1124 609 1174 iugulo
629 1123 712 1161 tela
730 1127 904 1174 paterna
922 1126 1005 1168 tuo,
1335 1123 1389 1162 30

221 1186 302 1225 Sed
322 1188 446 1224 timor
465 1191 505 1224 et
523 1186 656 1237 pietas
676 1185 909 1223 crudelibus
929 1185 1092 1222 obstitit
1111 1185 1234 1231 ausis,

271 1248 475 1299 Castaque
494 1247 737 1285 mandatum
757 1246 904 1284 dextra
921 1246 1077 1296 refugit
1096 1259 1210 1297 opus.

724 1350 782 1400 (0)

107 1425 170 1467 50.
217 1428 451 1479 Purpureos
472 1427 628 1466 laniata
647 1428 773 1473 sinus,
795 1429 952 1466 laniata
971 1428 1139 1480 capillos

268 1489 429 1539 Exiguo
450 1489 537 1526 dixi
557 1489 658 1526 talia
677 1489 803 1527 verba
822 1503 920 1527 sono
937 1507 944 1527 :

216 1552 237 1569 “
249 1549 416 1598 Saevus,
431 1550 741 1602 Hypermestra,
756 1555 874 1602 pater
885 1555 947 1588 est,
960 1551 1053 1588 tibi:
1075 1551 1186 1589 iussa
1198 1551 1381 1602 parentis

267 1611 389 1649 Effice
407 1627 415 1658 ;
445 1612 651 1662 germanis
672 1612 727 1649 sit
747 1625 878 1650 comes
898 1613 976 1650 iste
996 1612 1103 1650 suis!

213 1673 383 1711 Femina
403 1687 495 1710 sum
514 1676 556 1711 et,
575 1674 702 1724 virgo,
725 1679 873 1712 natura
892 1674 1006 1711 mitis
1027 1679 1067 1712 et
1088 1674 1206 1711 annis
1224 1691 1231 1711 :
1356 1675 1380 1712 5

265 1735 303 1771 N
306 1748 359 1772 on
378 1735 538 1772 faciunt
557 1736 698 1773 molles
719 1736 771 1773 ad
790 1736 878 1773 fera
898 1736 980 1773 tela
997 1749 1155 1773 manus.

213 1794 321 1843 Quin
342 1809 428 1845 age,
451 1796 627 1846 dumque
649 1797 764 1842 iacet,
782 1797 908 1835 fortes
928 1797 1091 1835 imitare
1111 1810 1266 1835 sorores
1285 1797 1292 1835 Ξ
1336 1789 1340 1798 ’

265 1857 471 1895 Credibile
491 1864 553 1895 est
573 1872 708 1896 caesos
729 1859 917 1896 omnibus
938 1871 1025 1896 esse
1046 1859 1165 1896 viros.

210 1916 256 1956 Si
277 1931 420 1955 manus
442 1919 540 1957 hacc
561 1920 741 1970 aliquam
763 1924 899 1971 posset
919 1921 1172 1958 committere
1201 1920 1376 1960 caedem,

264 1979 397 2018 Morte
417 1981 523 2019 foret
543 1982 731 2020 dominae
751 1982 1071 2033 sanguinulenta
1090 1995 1198 2019 suae.
1328 1981 1379 2020 10

207 2041 337 2091 Finge
359 2042 466 2079 viros
488 2044 684 2081 meruisse
705 2044 807 2081 mori
825 2060 832 2081 ε
863 2044 962 2094 quid
982 2044 1153 2081 fecimus
1176 2040 1322 2094 ipsae?

263 2102 351 2149 Quo
372 2103 474 2140 mihi
495 2105 709 2142 commisso
729 2119 810 2143 non
831 2106 926 2143 licet
946 2119 1032 2143 esse
1053 2106 1144 2156 piae
1163 2105 1180 2143 p

207 2161 318 2212 Quid
338 2164 441 2201 mihi
461 2178 553 2202 cum
574 2166 703 2204 ferro?
775 2165 864 2214 Quo
885 2166 1030 2204 bellica
1052 2166 1133 2204 tela
1153 2165 1312 2217 puellae
1328 2164 1348 2205 Ρ

258 2225 411 2277 Aptior
429 2230 491 2263 est
511 2226 654 2277 digitis
676 2227 769 2265 lana
789 2228 979 2279 colusque
999 2227 1139 2266 meis.”
