1491 2390
137 89 193 128 54

137 815 199 856 43.

563 103 719 131 STORIES
747 103 852 131 FROM
881 104 986 132 0V1D.

247 207 337 245 Hoc
356 207 482 245 etiam
501 221 642 246 saevas
661 209 865 259 paula-tim
883 209 1049 259 mitigat
1069 210 1163 255 iras,
1354 209 1403 247 15

299 268 390 306 Hoc
408 270 560 306 minuit
579 271 715 307 luctus
734 274 970 320 maestaque
991 270 1112 308 corda
1130 270 1252 308 levat.

247 329 407 368 Cuncta
426 334 562 381 potest
580 331 711 381 igitur
729 331 854 368 tacito
874 331 976 381 pede
996 331 1113 382 lapsa
1130 336 1315 369 vetustas

300 391 594 442 Praeterquam
615 405 731 429 curas
752 396 965 430 attenuare
984 406 1107 430 meas,

246 452 306 490 Ut
325 453 463 503 patria
483 466 609 497 careo,
631 453 693 490 bis
713 452 904 502 frugibus
925 466 1019 490 area
1038 453 1137 490 trita
1158 457 1231 498 est,

301 514 495 551 Dissiluit
513 514 622 551 nudo
642 526 783 563 pressa
802 513 864 551 bis
884 527 966 550 uva
985 514 1098 564 pede.
1354 513 1406 551 20

245 574 330 612 Nec
351 575 536 624 quaesita
555 579 694 612 tamen
715 575 846 624 spatio
865 575 1067 625 patientia
1086 575 1206 625 longo
1226 579 1299 620 est,

298 636 495 686 Mensque
515 636 614 674 mali
633 648 797 673 sensum
816 640 956 673 nost-ra
974 637 1148 674 recentis
1162 637 1298 674 habet.

251 816 416 856 Scilicet
435 822 476 856 et
495 822 653 857 veteres
672 819 841 869 fugiunt
859 819 957 869 iuga
977 832 1095 869 saepe
1115 820 1289 865 iuvenci,

299 880 353 916 Et
373 880 551 918 domitus
570 881 686 918 freno
707 893 826 931 saepe
845 885 1049 931 repugnat
1069 894 1206 930 equus.

247 941 422 979 Tristior
439 946 501 980 est
521 943 645 980 etiam
665 956 856 993 praesens
877 955 1071 980 aerumna
1091 943 1246 993 priore:

304 1003 364 1040 Ut
384 1003 439 1040 sit
458 1004 567 1041 enim
587 1004 667 1041 sibi
686 1017 773 1054 par,
795 1004 924 1042 crevit
945 1008 985 1041 et
1005 1008 1125 1041 aucta
1145 1017 1259 1042 mora
1279 1008 1351 1042 est.
1382 1004 1408 1042 4

245 1063 331 1101 Nec
344 1068 430 1101 tam
443 1068 540 1102 nota
553 1055 669 1110 mihi,
687 1078 809 1115 quam
825 1069 933 1110 sunt,
947 1065 1053 1102 mala
1068 1069 1206 1102 nostra
1220 1066 1406 1112 fuerunt3

298 1125 419 1163 Nunc
438 1126 570 1176 magis
590 1126 678 1172 hoc,
700 1139 778 1176 quo
798 1131 895 1164 sunt
915 1127 1152 1176 cognitiora,
1173 1134 1360 1177 gravant..

247 1187 322 1224 Est
343 1201 501 1237 quoque
522 1201 603 1225 non
623 1188 812 1233 nihilum,
833 1188 941 1225 vires
962 1188 1106 1225 afferre
1126 1194 1321 1233 recentes,

299 1248 384 1286 Nec
403 1254 793 1299 praeconsumptum
810 1250 1008 1300 temporis
1029 1262 1115 1287 esse
1135 1249 1266 1287 malis.

249 1310 411 1347 Fortior
430 1310 475 1347 in
493 1310 611 1348 fulva
630 1324 760 1348 novus
781 1316 843 1348 estv
863 1311 1043 1348 luctator
1061 1310 1226 1351 harena.

300 1370 434 1418 Quam
459 1372 524 1409 cui
544 1378 640 1409 sunt
660 1373 779 1410 tarda
798 1366 964 1409 brachia
985 1373 1091 1410 fessa
1112 1386 1236 1410 mora.
1359 1372 1409 1411 10

258 1433 309 1471 In
322 1437 441 1483 teger
458 1438 520 1471 est
539 1433 684 1471 melior
702 1434 847 1471 nitidis
867 1434 1075 1484 gladiator
1093 1434 1136 1471 in
1155 1435 1293 1479 armis,

300 1493 432 1542 Quam
452 1495 518 1532 eui
537 1495 621 1533 tela
640 1509 712 1533 suo
733 1496 931 1545 sanguine
952 1496 1082 1533 tincta
1100 1496 1260 1534 rubent.

247 1556 343 1594 Fert
365 1557 464 1594 bene
484 1557 727 1608 praecipites
746 1557 864 1595 navis
884 1558 1003 1595 modo
1022 1557 1131 1595 facta
1152 1558 1368 1608 procellas:

300 1617 536 1665 Quamlibet
555 1619 702 1668 exiguo
723 1618 897 1656 solvitur
915 1619 1044 1657 imbre
1064 1623 1194 1657 vetus.
1359 1620 1409 1657 14

247 1679 331 1716 Nos
353 1693 526 1729 quoque,
549 1693 652 1730 quae
672 1680 854 1723 ferimus,
876 1680 1047 1717 tulimus
1067 1681 1292 1731 patientius
1313 1684 1408 1719 ante

301 1740 432 1787 Quam
453 1741 561 1778 mala
581 1746 678 1778 sunt
698 1741 819 1791 longa
839 1741 1113 1792 multiplicata
1135 1742 1210 1780 die.

247 1802 425 1847 Credite,
447 1803 588 1840 deficio
606 1819 613 1847 3
644 1808 864 1852 nostroque
885 1816 907 1841 a
928 1816 1093 1853 cot-pore
1114 1808 1314 1853 quantum

299 1865 503 1914 Auguror.
526 1865 718 1902 accedent
739 1869 923 1915 tempora
942 1877 1070 1915 parva
1090 1865 1221 1902 malis.

245 1924 353 1962 Nam
373 1939 503 1975 neque
523 1929 620 1963 sunt
640 1926 759 1965 vires.
781 1940 853 1963 nec
873 1927 942 1975 qui
964 1926 1074 1963 color
1092 1940 1179 1964 esse
1198 1925 1353 1964 solebat
1372 1943 1379 1964 :

298 1985 382 2023 Vix
403 1987 531 2025 habeo
553 1994 728 2028 tenuem,
750 2001 853 2037 qnae
874 1993 984 2037 tegat
1007 2001 1110 2027 ossa.
1132 1992 1278 2025 cutem.
1357 1987 1410 2026 20

247 2046 426 2099 Corpore
447 2049 517 2086 sed
537 2062 650 2087 mens
671 2054 731 2087 est
754 2063 875 2099 aegro
896 2050 1027 2097 magis
1048 2062 1182 2099 aegra,
1202 2048 1382 2100 malique

298 2109 348 2147 In
367 2110 663 2160 circumspectu
684 2115 766 2148 stat
787 2111 873 2148 sine
894 2112 971 2148 fine
991 2111 1065 2147 sui.

245 2171 372 2210 Urbis
393 2171 507 2210 abest
527 2172 663 2210 facies.
685 2172 847 2212 absunt.
868 2185 958 2209 mea
977 2185 1085 2214 cura,
1106 2165 1276 2218 sodales,

302 2234 367 2280 Et,
388 2247 468 2284 qua
488 2233 602 2271 nulla
621 2233 723 2271 mihi
744 2233 886 2281 carior,
907 2247 1011 2272 uxor
1029 2233 1155 2272 abest.
1359 2233 1412 2272 24
