<?xml version="1.0" encoding="UTF-8"?>
<!DOCTYPE html PUBLIC "-//W3C//DTD XHTML 1.0 Transitional//EN"
    "http://www.w3.org/TR/xhtml1/DTD/xhtml1-transitional.dtd">
<html xmlns="http://www.w3.org/1999/xhtml" xml:lang="en" lang="en">
 <head>
  <title>
</title>
<meta http-equiv="Content-Type" content="text/html;charset=utf-8" />
  <meta name='ocr-system' content='tesseract 3.04.00' />
  <meta name='ocr-capabilities' content='ocr_page ocr_carea ocr_par ocr_line ocrx_word'/>
</head>
<body>
  <div class='ocr_page' id='page_1' title='image "./storiesfromovid00oviduoft_0046.png"; bbox 0 0 1491 2390; ppageno 0'>
   <div class='ocr_carea' id='block_1_1' title="bbox 114 99 166 139">
    <p class='ocr_par' dir='ltr' id='par_1_1' title="bbox 114 99 166 139">
     <span class='ocr_line' id='line_1_1' title="bbox 114 99 166 139; baseline 0 0"><span class='ocrx_word' id='word_1_1' title='bbox 114 99 166 139; x_wconf 82' lang='lat'>42</span> 
     </span>
    </p>
   </div>
   <div class='ocr_carea' id='block_1_2' title="bbox 120 660 181 701">
    <p class='ocr_par' dir='ltr' id='par_1_2' title="bbox 120 660 181 701">
     <span class='ocr_line' id='line_1_2' title="bbox 120 660 181 701; baseline -0.033 0"><span class='ocrx_word' id='word_1_2' title='bbox 120 660 181 701; x_wconf 80' lang='lat'>29.</span> 
     </span>
    </p>
   </div>
   <div class='ocr_carea' id='block_1_3' title="bbox 133 2039 193 2080">
    <p class='ocr_par' dir='ltr' id='par_1_3' title="bbox 133 2039 193 2080">
     <span class='ocr_line' id='line_1_3' title="bbox 133 2039 193 2080; baseline -0.033 0"><span class='ocrx_word' id='word_1_3' title='bbox 133 2039 193 2080; x_wconf 88' lang='grc'>30.</span> 
     </span>
    </p>
   </div>
   <div class='ocr_carea' id='block_1_4' title="bbox 540 107 962 134">
    <p class='ocr_par' dir='ltr' id='par_1_4' title="bbox 540 107 962 134">
     <span class='ocr_line' id='line_1_4' title="bbox 540 107 962 134; baseline 0 0"><span class='ocrx_word' id='word_1_4' title='bbox 540 107 696 134; x_wconf 82' lang='lat' dir='ltr'>STORIES</span> <span class='ocrx_word' id='word_1_5' title='bbox 725 107 830 134; x_wconf 76' lang='lat' dir='ltr'>FROM</span> <span class='ocrx_word' id='word_1_6' title='bbox 858 107 962 134; x_wconf 81' lang='lat' dir='ltr'>OVID-</span> 
     </span>
    </p>
   </div>
   <div class='ocr_carea' id='block_1_5' title="bbox 223 209 1384 261">
    <p class='ocr_par' dir='ltr' id='par_1_5' title="bbox 223 209 1384 261">
     <span class='ocr_line' id='line_1_5' title="bbox 223 209 1384 261; baseline -0.001 -11"><span class='ocrx_word' id='word_1_7' title='bbox 223 216 246 233; x_wconf 92' lang='lat'>“</span> <span class='ocrx_word' id='word_1_8' title='bbox 260 212 386 256; x_wconf 82' lang='lat' dir='ltr'>Rode,</span> <span class='ocrx_word' id='word_1_9' title='bbox 407 224 539 261; x_wconf 86' lang='lat' dir='ltr'>caper,</span> <span class='ocrx_word' id='word_1_10' title='bbox 560 210 709 248; x_wconf 67' lang='lat' dir='ltr'>vitem!</span> <span class='ocrx_word' id='word_1_11' title='bbox 750 214 890 248; x_wconf 79' lang='lat' dir='ltr'>tamen</span> <span class='ocrx_word' id='word_1_12' title='bbox 922 210 1029 256; x_wconf 83' lang='lat' dir='ltr'>hinc,</span> <span class='ocrx_word' id='word_1_13' title='bbox 1050 223 1143 248; x_wconf 84' lang='lat' dir='ltr'>cum</span> <span class='ocrx_word' id='word_1_14' title='bbox 1174 210 1302 248; x_wconf 79' lang='lat' dir='ltr'>stabis</span> <span class='ocrx_word' id='word_1_15' title='bbox 1330 209 1384 249; x_wconf 80' lang='lat' dir='ltr'>ad</span> 
     </span>
    </p>
   </div>
   <div class='ocr_carea' id='block_1_6' title="bbox 277 286 1172 384">
    <p class='ocr_par' dir='ltr' id='par_1_6' title="bbox 277 286 1172 384">
     <span class='ocr_line' id='line_1_6' title="bbox 329 286 454 318; baseline -0.016 -7"><span class='ocrx_word' id='word_1_16' title='bbox 329 286 454 318; x_wconf 85' lang='lat' dir='ltr'>aram,</span> 
     </span>
     <span class='ocr_line' id='line_1_7' title="bbox 277 333 1172 384; baseline -0.001 -12"><span class='ocrx_word' id='word_1_17' title='bbox 277 336 327 372; x_wconf 90' lang='lat' dir='ltr'>In</span> <span class='ocrx_word' id='word_1_18' title='bbox 347 339 419 371; x_wconf 82' lang='lat' dir='ltr'>tua</span> <span class='ocrx_word' id='word_1_19' title='bbox 439 334 546 383; x_wconf 87' lang='lat' dir='ltr'>quod</span> <span class='ocrx_word' id='word_1_20' title='bbox 566 334 705 383; x_wconf 85' lang='lat' dir='ltr'>spargi</span> <span class='ocrx_word' id='word_1_21' title='bbox 725 347 876 371; x_wconf 90' lang='lat' dir='ltr'>cornua</span> <span class='ocrx_word' id='word_1_22' title='bbox 894 334 1035 384; x_wconf 76' lang='lat' dir='ltr'>possit,</span> <span class='ocrx_word' id='word_1_23' title='bbox 1057 333 1172 371; x_wconf 75' lang='lat' dir='ltr'>erit.”</span> 
     </span>
    </p>
   </div>
   <div class='ocr_carea' id='block_1_7' title="bbox 233 394 1310 444">
    <p class='ocr_par' dir='ltr' id='par_1_7' title="bbox 233 394 1310 444">
     <span class='ocr_line' id='line_1_8' title="bbox 233 394 1310 444; baseline -0.002 -10"><span class='ocrx_word' id='word_1_24' title='bbox 233 396 374 434; x_wconf 86' lang='lat' dir='ltr'>Verba</span> <span class='ocrx_word' id='word_1_25' title='bbox 394 395 492 432; x_wconf 89' lang='lat' dir='ltr'>fides</span> <span class='ocrx_word' id='word_1_26' title='bbox 513 395 699 444; x_wconf 74' lang='lat' dir='ltr'>sequitur</span> <span class='ocrx_word' id='word_1_27' title='bbox 715 411 721 431; x_wconf 93' lang='lat'><strong>:</strong></span> <span class='ocrx_word' id='word_1_28' title='bbox 751 408 880 432; x_wconf 82' lang='lat' dir='ltr'>noxae</span> <span class='ocrx_word' id='word_1_29' title='bbox 900 395 978 432; x_wconf 82' lang='lat' dir='ltr'>tibi</span> <span class='ocrx_word' id='word_1_30' title='bbox 998 395 1160 432; x_wconf 70' lang='lat' dir='ltr'>deditus</span> <span class='ocrx_word' id='word_1_31' title='bbox 1180 394 1310 432; x_wconf 82' lang='lat' dir='ltr'>hostis</span> 
     </span>
    </p>
   </div>
   <div class='ocr_carea' id='block_1_8' title="bbox 281 455 1167 508">
    <p class='ocr_par' dir='ltr' id='par_1_8' title="bbox 281 455 1167 508">
     <span class='ocr_line' id='line_1_9' title="bbox 281 455 1167 508; baseline -0.002 -13"><span class='ocrx_word' id='word_1_32' title='bbox 281 457 502 508; x_wconf 69' lang='lat' dir='ltr'>Spargitur</span> <span class='ocrx_word' id='word_1_33' title='bbox 521 455 650 493; x_wconf 79' lang='lat' dir='ltr'>affuso</span> <span class='ocrx_word' id='word_1_34' title='bbox 671 468 832 501; x_wconf 77' lang='lat' dir='ltr'>cornua,</span> <span class='ocrx_word' id='word_1_35' title='bbox 854 455 1025 501; x_wconf 85' lang='lat' dir='ltr'>Bacche,</span> <span class='ocrx_word' id='word_1_36' title='bbox 1046 469 1167 493; x_wconf 88' lang='lat' dir='ltr'>mero.</span> 
     </span>
    </p>
   </div>
   <div class='ocr_carea' id='block_1_9' title="bbox 288 575 1220 622">
    <p class='ocr_par' dir='ltr' id='par_1_9' title="bbox 288 575 1220 622">
     <span class='ocr_line' id='line_1_10' title="bbox 288 575 1220 622; baseline 0 -8"><span class='ocrx_word' id='word_1_37' title='bbox 288 578 462 622; x_wconf 78' lang='lat' dir='ltr'>Prayer</span> <span class='ocrx_word' id='word_1_38' title='bbox 490 575 540 612; x_wconf 83' lang='lat' dir='ltr'>of</span> <span class='ocrx_word' id='word_1_39' title='bbox 562 576 642 612; x_wconf 75' lang='lat' dir='ltr'>the</span> <span class='ocrx_word' id='word_1_40' title='bbox 672 575 850 613; x_wconf 77' lang='lat' dir='ltr'>Roman</span> <span class='ocrx_word' id='word_1_41' title='bbox 878 577 1220 614; x_wconf 75' lang='lat' dir='ltr'>Eusbandman.</span> 
     </span>
    </p>
   </div>
   <div class='ocr_carea' id='block_1_10' title="bbox 226 660 1284 1262">
    <p class='ocr_par' dir='ltr' id='par_1_10' title="bbox 226 660 1284 1262">
     <span class='ocr_line' id='line_1_11' title="bbox 226 660 1238 710; baseline 0 -12"><span class='ocrx_word' id='word_1_42' title='bbox 226 660 443 699; x_wconf 79' lang='lat' dir='ltr'>Consortes</span> <span class='ocrx_word' id='word_1_43' title='bbox 464 660 609 710; x_wconf 85' lang='lat' dir='ltr'>operis,</span> <span class='ocrx_word' id='word_1_44' title='bbox 629 673 704 710; x_wconf 92' lang='lat' dir='ltr'>per</span> <span class='ocrx_word' id='word_1_45' title='bbox 721 673 822 709; x_wconf 86' lang='lat' dir='ltr'>quas</span> <span class='ocrx_word' id='word_1_46' title='bbox 843 664 1023 698; x_wconf 79' lang='lat' dir='ltr'>correcta</span> <span class='ocrx_word' id='word_1_47' title='bbox 1042 664 1238 706; x_wconf 77' lang='lat' dir='ltr'>vetustas,</span> 
     </span>
     <span class='ocr_line' id='line_1_12' title="bbox 281 721 1176 771; baseline 0.001 -12"><span class='ocrx_word' id='word_1_48' title='bbox 281 721 523 771; x_wconf 84' lang='lat' dir='ltr'>Quernaque</span> <span class='ocrx_word' id='word_1_49' title='bbox 543 722 661 771; x_wconf 88' lang='lat' dir='ltr'>glans</span> <span class='ocrx_word' id='word_1_50' title='bbox 681 721 792 758; x_wconf 80' lang='lat' dir='ltr'>victa</span> <span class='ocrx_word' id='word_1_51' title='bbox 811 726 873 759; x_wconf 82' lang='lat' dir='ltr'>est</span> <span class='ocrx_word' id='word_1_52' title='bbox 892 722 1056 759; x_wconf 80' lang='lat' dir='ltr'>utiliore</span> <span class='ocrx_word' id='word_1_53' title='bbox 1077 722 1176 767; x_wconf 83' lang='lat' dir='ltr'>cibo,</span> 
     </span>
     <span class='ocr_line' id='line_1_13' title="bbox 228 783 1186 833; baseline 0.002 -14"><span class='ocrx_word' id='word_1_54' title='bbox 228 783 432 833; x_wconf 85' lang='lat' dir='ltr'>Frugibus</span> <span class='ocrx_word' id='word_1_55' title='bbox 453 783 663 820; x_wconf 83' lang='lat' dir='ltr'>immensis</span> <span class='ocrx_word' id='word_1_56' title='bbox 685 783 825 820; x_wconf 76' lang='lat' dir='ltr'>avidos</span> <span class='ocrx_word' id='word_1_57' title='bbox 846 783 993 820; x_wconf 82' lang='lat' dir='ltr'>satiate</span> <span class='ocrx_word' id='word_1_58' title='bbox 1014 783 1186 829; x_wconf 82' lang='lat' dir='ltr'>colonos,</span> 
     </span>
     <span class='ocr_line' id='line_1_14' title="bbox 281 843 1124 893; baseline 0 -12"><span class='ocrx_word' id='word_1_59' title='bbox 281 844 341 881; x_wconf 80' lang='lat' dir='ltr'>Ut</span> <span class='ocrx_word' id='word_1_60' title='bbox 361 844 526 893; x_wconf 80' lang='lat' dir='ltr'>capiant</span> <span class='ocrx_word' id='word_1_61' title='bbox 546 843 681 881; x_wconf 83' lang='lat' dir='ltr'>cultus</span> <span class='ocrx_word' id='word_1_62' title='bbox 702 844 885 893; x_wconf 85' lang='lat' dir='ltr'>praemia</span> <span class='ocrx_word' id='word_1_63' title='bbox 904 844 1029 893; x_wconf 87' lang='lat' dir='ltr'>digna</span> <span class='ocrx_word' id='word_1_64' title='bbox 1049 844 1124 881; x_wconf 86' lang='lat' dir='ltr'>sui.</span> 
     </span>
     <span class='ocr_line' id='line_1_15' title="bbox 230 905 1284 955; baseline 0.001 -13"><span class='ocrx_word' id='word_1_65' title='bbox 230 905 312 943; x_wconf 89' lang='lat' dir='ltr'>Vos</span> <span class='ocrx_word' id='word_1_66' title='bbox 334 905 427 942; x_wconf 85' lang='lat' dir='ltr'>date</span> <span class='ocrx_word' id='word_1_67' title='bbox 447 909 666 955; x_wconf 82' lang='lat' dir='ltr'>perpetuos</span> <span class='ocrx_word' id='word_1_68' title='bbox 687 905 836 942; x_wconf 86' lang='lat' dir='ltr'>teneris</span> <span class='ocrx_word' id='word_1_69' title='bbox 858 905 1108 943; x_wconf 91' lang='lat' dir='ltr'>sementibus</span> <span class='ocrx_word' id='word_1_70' title='bbox 1128 910 1284 951; x_wconf 79' lang='lat' dir='ltr'>auctus,</span> 
     </span>
     <span class='ocr_line' id='line_1_16' title="bbox 281 966 1239 1016; baseline 0 -12"><span class='ocrx_word' id='word_1_71' title='bbox 281 966 367 1004; x_wconf 85' lang='lat' dir='ltr'>Nec</span> <span class='ocrx_word' id='word_1_72' title='bbox 386 980 492 1003; x_wconf 78' lang='lat' dir='ltr'>nova</span> <span class='ocrx_word' id='word_1_73' title='bbox 511 979 584 1016; x_wconf 83' lang='lat' dir='ltr'>per</span> <span class='ocrx_word' id='word_1_74' title='bbox 603 966 759 1016; x_wconf 87' lang='lat' dir='ltr'>gelidas</span> <span class='ocrx_word' id='word_1_75' title='bbox 781 967 906 1003; x_wconf 79' lang='lat' dir='ltr'>herba</span> <span class='ocrx_word' id='word_1_76' title='bbox 927 967 979 1003; x_wconf 87' lang='lat' dir='ltr'>sit</span> <span class='ocrx_word' id='word_1_77' title='bbox 1000 971 1093 1004; x_wconf 91' lang='lat' dir='ltr'>usta</span> <span class='ocrx_word' id='word_1_78' title='bbox 1113 967 1239 1004; x_wconf 73' lang='lat' dir='ltr'>nives.</span> 
     </span>
     <span class='ocr_line' id='line_1_17' title="bbox 231 1027 1248 1077; baseline -0.001 -11"><span class='ocrx_word' id='word_1_79' title='bbox 231 1027 335 1066; x_wconf 77' lang='lat' dir='ltr'>Cum</span> <span class='ocrx_word' id='word_1_80' title='bbox 356 1028 540 1072; x_wconf 80' lang='lat' dir='ltr'>serimus,</span> <span class='ocrx_word' id='word_1_81' title='bbox 563 1027 720 1064; x_wconf 89' lang='lat' dir='ltr'>caelum</span> <span class='ocrx_word' id='word_1_82' title='bbox 739 1028 874 1064; x_wconf 66' lang='lat' dir='ltr'>ventis</span> <span class='ocrx_word' id='word_1_83' title='bbox 895 1028 1050 1077; x_wconf 78' lang='lat' dir='ltr'>aperite</span> <span class='ocrx_word' id='word_1_84' title='bbox 1070 1028 1222 1065; x_wconf 77' lang='lat' dir='ltr'>serenis</span> <span class='ocrx_word' id='word_1_85' title='bbox 1240 1043 1248 1073; x_wconf 89' lang='lat'>;</span> 
     </span>
     <span class='ocr_line' id='line_1_18' title="bbox 284 1088 1221 1138; baseline 0.002 -14"><span class='ocrx_word' id='word_1_86' title='bbox 284 1088 389 1125; x_wconf 88' lang='lat' dir='ltr'>Cum</span> <span class='ocrx_word' id='word_1_87' title='bbox 409 1089 522 1133; x_wconf 84' lang='lat' dir='ltr'>latet,</span> <span class='ocrx_word' id='word_1_88' title='bbox 545 1088 728 1125; x_wconf 83' lang='lat' dir='ltr'>aet-heria</span> <span class='ocrx_word' id='word_1_89' title='bbox 748 1088 929 1138; x_wconf 80' lang='lat' dir='ltr'>spargite</span> <span class='ocrx_word' id='word_1_90' title='bbox 950 1101 1087 1126; x_wconf 90' lang='lat' dir='ltr'>semen</span> <span class='ocrx_word' id='word_1_91' title='bbox 1107 1102 1221 1138; x_wconf 88' lang='lat' dir='ltr'>aqua.</span> 
     </span>
     <span class='ocr_line' id='line_1_19' title="bbox 230 1149 1162 1199; baseline 0.001 -12"><span class='ocrx_word' id='word_1_92' title='bbox 230 1149 344 1187; x_wconf 66' lang='lat' dir='ltr'>Neve</span> <span class='ocrx_word' id='word_1_93' title='bbox 364 1163 510 1199; x_wconf 75' lang='lat' dir='ltr'>graves</span> <span class='ocrx_word' id='word_1_94' title='bbox 532 1150 654 1187; x_wconf 82' lang='lat' dir='ltr'>cultis</span> <span class='ocrx_word' id='word_1_95' title='bbox 676 1149 853 1187; x_wconf 85' lang='lat' dir='ltr'>Cerialia</span> <span class='ocrx_word' id='word_1_96' title='bbox 874 1149 990 1195; x_wconf 84' lang='lat' dir='ltr'>dona,</span> <span class='ocrx_word' id='word_1_97' title='bbox 1011 1156 1162 1194; x_wconf 75' lang='lat' dir='ltr'>cavete,</span> 
     </span>
     <span class='ocr_line' id='line_1_20' title="bbox 283 1211 1084 1262; baseline 0.002 -15"><span class='ocrx_word' id='word_1_98' title='bbox 283 1211 458 1261; x_wconf 83' lang='lat' dir='ltr'>Agmine</span> <span class='ocrx_word' id='word_1_99' title='bbox 479 1211 638 1248; x_wconf 87' lang='lat' dir='ltr'>laesuro</span> <span class='ocrx_word' id='word_1_100' title='bbox 659 1211 959 1262; x_wconf 85' lang='lat' dir='ltr'>depopulentur</span> <span class='ocrx_word' id='word_1_101' title='bbox 978 1225 1084 1249; x_wconf 73' lang='lat' dir='ltr'>aves.</span> 
     </span>
    </p>
   </div>
   <div class='ocr_carea' id='block_1_11' title="bbox 231 1270 1308 1322">
    <p class='ocr_par' dir='ltr' id='par_1_11' title="bbox 231 1270 1308 1322">
     <span class='ocr_line' id='line_1_21' title="bbox 231 1270 1308 1322; baseline 0 -14"><span class='ocrx_word' id='word_1_102' title='bbox 231 1270 317 1308; x_wconf 89' lang='lat' dir='ltr'>Vos</span> <span class='ocrx_word' id='word_1_103' title='bbox 338 1285 508 1321; x_wconf 85' lang='lat' dir='ltr'>quoque,</span> <span class='ocrx_word' id='word_1_104' title='bbox 529 1271 733 1311; x_wconf 80' lang='lat' dir='ltr'>formicae.</span> <span class='ocrx_word' id='word_1_105' title='bbox 755 1272 948 1309; x_wconf 85' lang='lat' dir='ltr'>subiectis</span> <span class='ocrx_word' id='word_1_106' title='bbox 969 1272 1124 1322; x_wconf 87' lang='lat' dir='ltr'>parcite</span> <span class='ocrx_word' id='word_1_107' title='bbox 1144 1271 1284 1322; x_wconf 87' lang='lat' dir='ltr'>granis</span> <span class='ocrx_word' id='word_1_108' title='bbox 1301 1287 1308 1308; x_wconf 93' lang='lat'>:</span> 
     </span>
    </p>
   </div>
   <div class='ocr_carea' id='block_1_12' title="bbox 232 1333 1286 1875">
    <p class='ocr_par' dir='ltr' id='par_1_12' title="bbox 232 1333 1286 1875">
     <span class='ocr_line' id='line_1_22' title="bbox 286 1333 1164 1383; baseline 0.001 -14"><span class='ocrx_word' id='word_1_109' title='bbox 286 1333 385 1370; x_wconf 81' lang='lat' dir='ltr'>Post</span> <span class='ocrx_word' id='word_1_110' title='bbox 404 1346 577 1370; x_wconf 88' lang='lat' dir='ltr'>messem</span> <span class='ocrx_word' id='word_1_111' title='bbox 597 1333 772 1383; x_wconf 83' lang='lat' dir='ltr'>praedae</span> <span class='ocrx_word' id='word_1_112' title='bbox 792 1334 907 1383; x_wconf 89' lang='lat' dir='ltr'>copia</span> <span class='ocrx_word' id='word_1_113' title='bbox 927 1334 1057 1371; x_wconf 77' lang='lat' dir='ltr'>maior</span> <span class='ocrx_word' id='word_1_114' title='bbox 1076 1334 1164 1371; x_wconf 84' lang='lat' dir='ltr'>erit.</span> 
     </span>
     <span class='ocr_line' id='line_1_23' title="bbox 232 1393 1148 1445; baseline 0 -13"><span class='ocrx_word' id='word_1_115' title='bbox 232 1394 395 1432; x_wconf 86' lang='lat' dir='ltr'>Interea</span> <span class='ocrx_word' id='word_1_116' title='bbox 415 1399 569 1432; x_wconf 75' lang='lat' dir='ltr'>crescat</span> <span class='ocrx_word' id='word_1_117' title='bbox 590 1395 754 1432; x_wconf 83' lang='lat' dir='ltr'>scabrae</span> <span class='ocrx_word' id='word_1_118' title='bbox 774 1393 971 1445; x_wconf 85' lang='lat' dir='ltr'>robiginis</span> <span class='ocrx_word' id='word_1_119' title='bbox 993 1408 1148 1445; x_wconf 80' lang='lat' dir='ltr'>expers,</span> 
     </span>
     <span class='ocr_line' id='line_1_24' title="bbox 287 1456 1078 1507; baseline 0.001 -14"><span class='ocrx_word' id='word_1_120' title='bbox 287 1457 371 1493; x_wconf 75' lang='lat' dir='ltr'>Nec</span> <span class='ocrx_word' id='word_1_121' title='bbox 392 1457 493 1493; x_wconf 75' lang='lat' dir='ltr'>vitio</span> <span class='ocrx_word' id='word_1_122' title='bbox 515 1456 613 1493; x_wconf 87' lang='lat' dir='ltr'>caeli</span> <span class='ocrx_word' id='word_1_123' title='bbox 637 1457 788 1506; x_wconf 86' lang='lat' dir='ltr'>palleat</span> <span class='ocrx_word' id='word_1_124' title='bbox 810 1470 931 1506; x_wconf 87' lang='lat' dir='ltr'>aegra</span> <span class='ocrx_word' id='word_1_125' title='bbox 953 1470 1078 1507; x_wconf 85' lang='lat' dir='ltr'>seges.</span> 
     </span>
     <span class='ocr_line' id='line_1_25' title="bbox 236 1517 1286 1568; baseline 0.001 -14"><span class='ocrx_word' id='word_1_126' title='bbox 236 1517 287 1554; x_wconf 89' lang='lat' dir='ltr'>Et</span> <span class='ocrx_word' id='word_1_127' title='bbox 311 1532 440 1567; x_wconf 84' lang='lat' dir='ltr'>neque</span> <span class='ocrx_word' id='word_1_128' title='bbox 460 1518 621 1555; x_wconf 75' lang='lat' dir='ltr'>deficiat</span> <span class='ocrx_word' id='word_1_129' title='bbox 642 1519 780 1562; x_wconf 77' lang='lat' dir='ltr'>macie,</span> <span class='ocrx_word' id='word_1_130' title='bbox 802 1532 930 1567; x_wconf 89' lang='lat' dir='ltr'>neque</span> <span class='ocrx_word' id='word_1_131' title='bbox 950 1519 1142 1568; x_wconf 87' lang='lat' dir='ltr'>pinguior</span> <span class='ocrx_word' id='word_1_132' title='bbox 1160 1531 1286 1568; x_wconf 87' lang='lat' dir='ltr'>aequo</span> 
     </span>
     <span class='ocr_line' id='line_1_26' title="bbox 290 1578 963 1629; baseline 0.003 -15"><span class='ocrx_word' id='word_1_133' title='bbox 290 1578 458 1615; x_wconf 78' lang='lat' dir='ltr'>Divitiis</span> <span class='ocrx_word' id='word_1_134' title='bbox 480 1584 618 1629; x_wconf 85' lang='lat' dir='ltr'>pereat</span> <span class='ocrx_word' id='word_1_135' title='bbox 640 1579 847 1616; x_wconf 76' lang='lat' dir='ltr'>luxuriosa</span> <span class='ocrx_word' id='word_1_136' title='bbox 868 1580 963 1616; x_wconf 88' lang='lat' dir='ltr'>suis.</span> 
     </span>
     <span class='ocr_line' id='line_1_27' title="bbox 236 1639 1146 1690; baseline 0.001 -14"><span class='ocrx_word' id='word_1_137' title='bbox 236 1639 288 1676; x_wconf 84' lang='lat' dir='ltr'>Et</span> <span class='ocrx_word' id='word_1_138' title='bbox 310 1646 473 1676; x_wconf 82' lang='lat' dir='ltr'>careant</span> <span class='ocrx_word' id='word_1_139' title='bbox 496 1640 602 1677; x_wconf 90' lang='lat' dir='ltr'>loliis</span> <span class='ocrx_word' id='word_1_140' title='bbox 624 1640 759 1677; x_wconf 91' lang='lat' dir='ltr'>oculos</span> <span class='ocrx_word' id='word_1_141' title='bbox 781 1640 1025 1677; x_wconf 77' lang='lat' dir='ltr'>vitiantibus</span> <span class='ocrx_word' id='word_1_142' title='bbox 1046 1640 1146 1690; x_wconf 73' lang='lat' dir='ltr'>agri,</span> 
     </span>
     <span class='ocr_line' id='line_1_28' title="bbox 289 1699 1102 1751; baseline 0.002 -15"><span class='ocrx_word' id='word_1_143' title='bbox 289 1699 373 1737; x_wconf 86' lang='lat' dir='ltr'>Nec</span> <span class='ocrx_word' id='word_1_144' title='bbox 394 1701 545 1737; x_wconf 85' lang='lat' dir='ltr'>sterilis</span> <span class='ocrx_word' id='word_1_145' title='bbox 567 1701 676 1738; x_wconf 86' lang='lat' dir='ltr'>culto</span> <span class='ocrx_word' id='word_1_146' title='bbox 697 1706 838 1751; x_wconf 86' lang='lat' dir='ltr'>surgat</span> <span class='ocrx_word' id='word_1_147' title='bbox 858 1714 986 1738; x_wconf 77' lang='lat' dir='ltr'>avena</span> <span class='ocrx_word' id='word_1_148' title='bbox 1007 1701 1102 1739; x_wconf 91' lang='lat' dir='ltr'>solo.</span> 
     </span>
     <span class='ocr_line' id='line_1_29' title="bbox 239 1760 1203 1813; baseline 0.003 -16"><span class='ocrx_word' id='word_1_149' title='bbox 239 1760 433 1798; x_wconf 81' lang='lat' dir='ltr'>Triticeos</span> <span class='ocrx_word' id='word_1_150' title='bbox 455 1761 564 1799; x_wconf 81' lang='lat' dir='ltr'>fetus</span> <span class='ocrx_word' id='word_1_151' title='bbox 586 1775 835 1812; x_wconf 83' lang='lat' dir='ltr'>passuraque</span> <span class='ocrx_word' id='word_1_152' title='bbox 854 1762 965 1800; x_wconf 81' lang='lat' dir='ltr'>farra</span> <span class='ocrx_word' id='word_1_153' title='bbox 985 1763 1047 1800; x_wconf 86' lang='lat' dir='ltr'>bis</span> <span class='ocrx_word' id='word_1_154' title='bbox 1068 1763 1203 1813; x_wconf 83' lang='lat' dir='ltr'>ignem</span> 
     </span>
     <span class='ocr_line' id='line_1_30' title="bbox 293 1822 1181 1875; baseline 0.002 -16"><span class='ocrx_word' id='word_1_155' title='bbox 293 1822 537 1872; x_wconf 70' lang='lat' dir='ltr'>Hor-deaque</span> <span class='ocrx_word' id='word_1_156' title='bbox 558 1823 716 1873; x_wconf 85' lang='lat' dir='ltr'>ingenti</span> <span class='ocrx_word' id='word_1_157' title='bbox 737 1824 875 1861; x_wconf 85' lang='lat' dir='ltr'>fenore</span> <span class='ocrx_word' id='word_1_158' title='bbox 895 1824 1038 1861; x_wconf 81' lang='lat' dir='ltr'>reddat</span> <span class='ocrx_word' id='word_1_159' title='bbox 1061 1824 1181 1875; x_wconf 75' lang='lat' dir='ltr'>ager!</span> 
     </span>
    </p>
   </div>
   <div class='ocr_carea' id='block_1_13' title="bbox 255 1961 1282 1999">
    <p class='ocr_par' dir='ltr' id='par_1_13' title="bbox 255 1961 1282 1999">
     <span class='ocr_line' id='line_1_31' title="bbox 255 1961 1282 1999; baseline 0 -2"><span class='ocrx_word' id='word_1_160' title='bbox 255 1961 369 1998; x_wconf 70' lang='lat' dir='ltr'>How</span> <span class='ocrx_word' id='word_1_161' title='bbox 389 1961 613 1998; x_wconf 68' lang='lat' dir='ltr'>Hercules</span> <span class='ocrx_word' id='word_1_162' title='bbox 633 1962 821 1999; x_wconf 80' lang='lat' dir='ltr'>dressed</span> <span class='ocrx_word' id='word_1_163' title='bbox 841 1962 1032 1999; x_wconf 83' lang='lat' dir='ltr'>himself</span> <span class='ocrx_word' id='word_1_164' title='bbox 1050 1972 1101 1998; x_wconf 68' lang='lat' dir='ltr'>aa</span> <span class='ocrx_word' id='word_1_165' title='bbox 1123 1973 1151 1998; x_wconf 70' lang='lat' dir='ltr'>a</span> <span class='ocrx_word' id='word_1_166' title='bbox 1169 1961 1282 1998; x_wconf 82' lang='lat' dir='ltr'>Girl.</span> 
     </span>
    </p>
   </div>
   <div class='ocr_carea' id='block_1_14' title="bbox 240 2040 1243 2270">
    <p class='ocr_par' dir='ltr' id='par_1_14' title="bbox 240 2040 1086 2153">
     <span class='ocr_line' id='line_1_32' title="bbox 240 2040 1074 2092; baseline 0.001 -15"><span class='ocrx_word' id='word_1_167' title='bbox 240 2040 330 2077; x_wconf 80' lang='lat' dir='ltr'>Ibat</span> <span class='ocrx_word' id='word_1_168' title='bbox 351 2040 529 2077; x_wconf 80' lang='lat' dir='ltr'>odoratis</span> <span class='ocrx_word' id='word_1_169' title='bbox 550 2054 708 2078; x_wconf 87' lang='lat' dir='ltr'>umeros</span> <span class='ocrx_word' id='word_1_170' title='bbox 730 2042 895 2092; x_wconf 79' lang='lat' dir='ltr'>perfusa</span> <span class='ocrx_word' id='word_1_171' title='bbox 914 2041 1074 2091; x_wconf 81' lang='lat' dir='ltr'>capillis</span> 
     </span>
     <span class='ocr_line' id='line_1_33' title="bbox 295 2101 1086 2153; baseline 0.003 -16"><span class='ocrx_word' id='word_1_172' title='bbox 295 2101 487 2141; x_wconf 72' lang='lat' dir='ltr'>Maeonis,</span> <span class='ocrx_word' id='word_1_173' title='bbox 508 2108 650 2139; x_wconf 83' lang='lat' dir='ltr'>aurato</span> <span class='ocrx_word' id='word_1_174' title='bbox 670 2102 954 2153; x_wconf 81' lang='lat' dir='ltr'>conspicienda</span> <span class='ocrx_word' id='word_1_175' title='bbox 973 2103 1086 2139; x_wconf 83' lang='lat' dir='ltr'>sinu:</span> 
     </span>
    </p>

    <p class='ocr_par' dir='ltr' id='par_1_15' title="bbox 241 2162 1243 2270">
     <span class='ocr_line' id='line_1_34' title="bbox 241 2162 1178 2214; baseline 0.003 -15"><span class='ocrx_word' id='word_1_176' title='bbox 241 2162 379 2199; x_wconf 82' lang='lat' dir='ltr'>Aurea</span> <span class='ocrx_word' id='word_1_177' title='bbox 399 2163 603 2213; x_wconf 73' lang='lat' dir='ltr'>pellebant</span> <span class='ocrx_word' id='word_1_178' title='bbox 628 2164 784 2214; x_wconf 84' lang='lat' dir='ltr'>tepidos</span> <span class='ocrx_word' id='word_1_179' title='bbox 806 2164 1041 2201; x_wconf 79' lang='lat' dir='ltr'>umbracula</span> <span class='ocrx_word' id='word_1_180' title='bbox 1064 2163 1178 2203; x_wconf 77' lang='lat' dir='ltr'>soles,</span> 
     </span>
     <span class='ocr_line' id='line_1_35' title="bbox 296 2222 1243 2270; baseline 0.001 -10"><span class='ocrx_word' id='word_1_181' title='bbox 296 2222 408 2270; x_wconf 81' lang='lat' dir='ltr'>Quae</span> <span class='ocrx_word' id='word_1_182' title='bbox 431 2230 567 2262; x_wconf 77' lang='lat' dir='ltr'>tamen</span> <span class='ocrx_word' id='word_1_183' title='bbox 590 2225 816 2263; x_wconf 83' lang='lat' dir='ltr'>Herculeae</span> <span class='ocrx_word' id='word_1_184' title='bbox 836 2225 1066 2263; x_wconf 81' lang='lat' dir='ltr'>sustinuere</span> <span class='ocrx_word' id='word_1_185' title='bbox 1087 2237 1243 2262; x_wconf 77' lang='lat' dir='ltr'>manus.</span> 
     </span>
    </p>
   </div>
   <div class='ocr_carea' id='block_1_15' title="bbox 1345 1209 1397 1250">
    <p class='ocr_par' dir='ltr' id='par_1_16' title="bbox 1345 1209 1397 1250">
     <span class='ocr_line' id='line_1_36' title="bbox 1345 1209 1397 1250; baseline -0.019 0"><span class='ocrx_word' id='word_1_186' title='bbox 1345 1209 1397 1250; x_wconf 92' lang='lat'>10</span> 
     </span>
    </p>
   </div>
   <div class='ocr_carea' id='block_1_16' title="bbox 1349 1517 1397 1556">
    <p class='ocr_par' dir='ltr' id='par_1_17' title="bbox 1349 1517 1397 1556">
     <span class='ocr_line' id='line_1_37' title="bbox 1349 1517 1397 1556; baseline 0.021 -1"><span class='ocrx_word' id='word_1_187' title='bbox 1349 1517 1397 1556; x_wconf 86' lang='lat'>15</span> 
     </span>
    </p>
   </div>
   <div class='ocr_carea' id='block_1_17' title="bbox 1350 1821 1403 1862">
    <p class='ocr_par' dir='ltr' id='par_1_18' title="bbox 1350 1821 1403 1862">
     <span class='ocr_line' id='line_1_38' title="bbox 1350 1821 1403 1862; baseline 0.019 -1"><span class='ocrx_word' id='word_1_188' title='bbox 1350 1821 1403 1862; x_wconf 85' lang='lat'>20</span> 
     </span>
    </p>
   </div>
  </div>
 </body>
</html>
