1491 2390
20 743 85 787 26.

263 98 340 124 THE
370 97 489 125 Fons
516 97 564 124 AT
591 97 674 127 ΤΗΕ,
699 97 826 124 GAMEs
855 97 901 124 or
929 97 1061 125 CEREs.
1244 85 1300 128 39

140 201 336 249 Quamvis
355 202 400 238 in
419 202 572 239 cineres
593 214 738 252 corpus
757 201 982 239 mutaverit
1002 202 1122 252 ignis,

193 263 349 301 Sentiet
368 263 543 300 officium
562 268 718 300 maesta
735 263 881 300 favilla
899 263 1027 314 pium.

136 325 320 364 Scribere
338 324 459 374 plura
478 324 591 370 libet,
613 325 683 362 sed
695 339 775 362 vox
788 325 892 361 mihi
907 324 1015 362 fessa
1032 325 1232 375 loquendo
1247 325 1298 363 25

185 386 380 424 Dictandi
400 386 508 424 vires
529 387 714 436 siccaque
734 387 877 436 lingua
896 391 1032 437 negat.

129 448 282 498 Accipe
297 461 487 498 supremo
508 448 664 485 dictum
683 448 786 485 mihi
805 448 980 485 forsitan
1000 461 1079 493 ore,

183 508 312 556 Quod,
333 509 412 547 tibi
431 510 501 560 qui
521 510 663 555 mittit,
685 523 766 547 non
785 509 911 547 habet
930 510 1029 560 ipse,
1051 510 1142 548 vale
1159 509 1167 547 l

211 651 306 688 'l'he
336 653 481 689 roxes
511 654 560 689 at
586 653 666 689 the
694 653 856 690 Games
886 653 936 689 of
959 654 1108 690 ceres.

132 745 302 796 Frigida
323 744 526 782 Carseolis
546 757 619 782 nec
639 744 758 781 olivis
779 749 876 795 apta
894 744 1076 783 ferendis

185 806 322 851 Terra,
344 806 414 843 sed
434 806 487 842 ad
506 809 662 855 segetes
682 806 916 856 ingeniosus
937 819 1044 857 ager.

131 868 222 906 Hac
243 881 316 918 ego
337 867 565 917 Paelignos,
587 868 743 905 natalia
761 881 869 907 rura.
891 869 1094 919 petebam,

185 929 331 973 Parva,
353 928 424 966 sed
444 929 618 966 assiduis
638 929 764 966 uvida
784 942 944 980 semper
963 930 1091 979 aquis.

131 990 320 1040 Hospitis
342 990 501 1039 antiqui
521 990 663 1027 solitas
682 990 929 1027 intravimus
950 992 1081 1036 aedes,
1274 993 1306 1029 5*

185 1051 429 1101 Dempserat
450 1051 630 1088 emeritis
651 1051 734 1088 iam
753 1052 851 1102 iuga
871 1052 1060 1090 Phoebus
1081 1053 1206 1102 equis.

132 1113 174 1151 Is
194 1113 297 1150 mihi
317 1113 449 1149 multa
474 1113 650 1162 quidem,
672 1113 742 1150 sed
762 1118 801 1151 et
822 1114 921 1151 haec
941 1127 1107 1151 narrare
1127 1114 1297 1159 solebat,

184 1175 305 1212 Unde
324 1187 460 1211 meum
480 1188 670 1225 praesens
691 1175 965 1212 instrueretur
983 1189 1084 1226 opus
1102 1192 1109 1213 z

133 1236 260 1274 “Hoc
278 1235 299 1249 ’'
333 1237 392 1273 ait
423 1237 500 1273 “in
529 1235 1034 1287 campo”—campumque
1062 1238 1297 1275 ostendit—

237 1301 259 1316 “
272 1298 449 1335 habebat

184 1360 270 1397 Rus
292 1360 413 1397 breve
434 1373 525 1397 cum
546 1360 647 1397 duro
666 1373 789 1410 parca
809 1361 949 1398 colona
968 1361 1067 1398 viro.
1247 1361 1307 1399 IO-

130 1420 207 1458 Ille
227 1433 343 1458 suam
363 1421 587 1471 peragebat
606 1420 789 1463 humum,
811 1421 898 1459 sive
917 1435 1015 1459 usus
1037 1422 1176 1465 aratri,

186 1481 266 1520 Seu
287 1495 434 1520 curvae
453 1482 584 1526 falcis,
606 1482 692 1519 sive
713 1482 890 1519 bidentis
911 1487 1010 1520 erat.

130 1543 244 1581 Haec
264 1543 382 1580 modo
402 1543 589 1580 verrebat
611 1547 790 1580 stantem
810 1543 978 1581 tibicine
998 1543 1152 1587 villam,

182 1604 302 1642 Nunc
317 1604 461 1641 matris
481 1604 633 1654 plumis
653 1617 729 1641 ova
748 1604 925 1641 fovenda.
945 1604 1079 1643 dabat.

129 1666 216 1704 Aut
236 1666 388 1703 virides
408 1665 577 1710 malvas,
599 1670 670 1703 aut
689 1666 838 1716 fungos
859 1666 1016 1716 colligit
1037 1667 1162 1710 albos,
1247 1667 1309 1704 15-

181 1727 268 1764 Aut
287 1727 486 1764 humilem
506 1733 624 1777 grato
643 1727 808 1764 calfacit
827 1727 921 1777 igne
941 1727 1087 1764 focum.

130 1788 184 1826 Et
203 1794 342 1826 tamen
361 1788 536 1825 assiduis
557 1792 716 1825 exercet
735 1788 901 1826 brachia
923 1789 1028 1834 telis,

183 1850 474 1898 Adversusque
494 1850 625 1886 minas
645 1849 811 1899 frigoris
833 1863 945 1887 arma
965 1855 1095 1900 parat.

130 1911 261 1948 Filius
282 1911 404 1947 huius
426 1915 513 1948 erat
533 1910 664 1960 primo
684 1910 862 1948 lascivus
882 1911 925 1947 in
947 1924 1057 1955 aevo,

182 1972 492 2021 Addideratque
513 1985 639 2009 annos
660 1972 712 2009 ad
731 1972 811 2009 duo
831 1973 963 2010 lustra
983 1973 1094 2010 duos.
1248 1973 1311 2011 20-

131 2034 173 2072 Is
193 2034 304 2084 capit
323 2034 497 2072 extremi
516 2034 679 2084 volpem
699 2034 881 2072 convalle
902 2035 1058 2072 salicti:

183 2096 427 2134 Abstulerat
446 2095 598 2133 multas
619 2095 691 2133 illa
711 2095 888 2133 cohortis
909 2109 1016 2134 aves.

132 2155 352 2208 Captivam
373 2157 527 2208 stipula
546 2157 744 2207 faenoque
764 2158 951 2203 involvit,
973 2163 1013 2196 et
1033 2158 1149 2208 ignes

184 2219 389 2257 Admovet
405 2236 411 2256 :
442 2223 606 2257 urentes
626 2219 773 2270 effugit
792 2219 865 2257 illa
883 2233 1028 2258 manus
1047 2236 1053 2257 :
