<?xml version="1.0" encoding="UTF-8"?>
<!DOCTYPE html PUBLIC "-//W3C//DTD XHTML 1.0 Transitional//EN"
    "http://www.w3.org/TR/xhtml1/DTD/xhtml1-transitional.dtd">
<html xmlns="http://www.w3.org/1999/xhtml" xml:lang="en" lang="en">
 <head>
  <title>
</title>
<meta http-equiv="Content-Type" content="text/html;charset=utf-8" />
  <meta name='ocr-system' content='tesseract 3.04.00' />
  <meta name='ocr-capabilities' content='ocr_page ocr_carea ocr_par ocr_line ocrx_word'/>
</head>
<body>
  <div class='ocr_page' id='page_1' title='image "./storiesfromovid00oviduoft_0065.png"; bbox 0 0 1491 2390; ppageno 0'>
   <div class='ocr_carea' id='block_1_1' title="bbox 57 1561 119 1605">
    <p class='ocr_par' dir='ltr' id='par_1_1' title="bbox 57 1561 119 1605">
     <span class='ocr_line' id='line_1_1' title="bbox 57 1561 119 1605; baseline -0.032 0"><span class='ocrx_word' id='word_1_1' title='bbox 57 1561 119 1605; x_wconf 83' lang='lat'>51.</span> 
     </span>
    </p>
   </div>
   <div class='ocr_carea' id='block_1_2' title="bbox 601 102 1344 140">
    <p class='ocr_par' dir='ltr' id='par_1_2' title="bbox 601 102 1344 140">
     <span class='ocr_line' id='line_1_2' title="bbox 601 102 1344 140; baseline 0.003 -2"><span class='ocrx_word' id='word_1_2' title='bbox 601 111 626 138; x_wconf 82' lang='lat' dir='ltr'>A</span> <span class='ocrx_word' id='word_1_3' title='bbox 653 111 814 140; x_wconf 79' lang='lat' dir='ltr'><strong>LETTER.</strong></span> <span class='ocrx_word' id='word_1_4' title='bbox 1295 102 1344 140; x_wconf 88' lang='grc'>61</span> 
     </span>
    </p>
   </div>
   <div class='ocr_carea' id='block_1_3' title="bbox 164 214 1347 1436">
    <p class='ocr_par' dir='ltr' id='par_1_3' title="bbox 177 214 1347 329">
     <span class='ocr_line' id='line_1_3' title="bbox 177 214 1345 268; baseline 0 -13"><span class='ocrx_word' id='word_1_5' title='bbox 177 214 294 255; x_wconf 86' lang='lat' dir='ltr'>Haec</span> <span class='ocrx_word' id='word_1_6' title='bbox 312 229 411 267; x_wconf 85' lang='lat' dir='ltr'>ego;</span> <span class='ocrx_word' id='word_1_7' title='bbox 442 216 620 267; x_wconf 89' lang='lat' dir='ltr'>dumque</span> <span class='ocrx_word' id='word_1_8' title='bbox 639 229 796 268; x_wconf 90' lang='lat' dir='ltr'>queror,</span> <span class='ocrx_word' id='word_1_9' title='bbox 812 217 1010 254; x_wconf 81' lang='lat' dir='ltr'>&#39;lacrimae</span> <span class='ocrx_word' id='word_1_10' title='bbox 1030 229 1104 255; x_wconf 87' lang='lat' dir='ltr'>sua</span> <span class='ocrx_word' id='word_1_11' title='bbox 1135 217 1257 255; x_wconf 82' lang='lat' dir='ltr'>verba</span> <span class='ocrx_word' id='word_1_12' title='bbox 1285 230 1345 256; x_wconf 90' lang='lat' dir='ltr'>se·</span> 
     </span>
     <span class='ocr_line' id='line_1_4' title="bbox 335 279 1347 329; baseline 0.001 -14"><span class='ocrx_word' id='word_1_13' title='bbox 335 282 521 329; x_wconf 85' lang='lat' dir='ltr'>quuntur</span> <span class='ocrx_word' id='word_1_14' title='bbox 1296 279 1347 317; x_wconf 84' lang='lat'>15</span> 
     </span>
    </p>

    <p class='ocr_par' dir='ltr' id='par_1_4' title="bbox 230 339 1196 390">
     <span class='ocr_line' id='line_1_5' title="bbox 230 339 1196 390; baseline 0 -13"><span class='ocrx_word' id='word_1_15' title='bbox 230 339 371 390; x_wconf 88' lang='lat' dir='ltr'>Deque</span> <span class='ocrx_word' id='word_1_16' title='bbox 391 341 492 377; x_wconf 90' lang='lat' dir='ltr'>meis</span> <span class='ocrx_word' id='word_1_17' title='bbox 513 340 639 378; x_wconf 88' lang='lat' dir='ltr'>oculis</span> <span class='ocrx_word' id='word_1_18' title='bbox 660 340 703 377; x_wconf 91' lang='lat' dir='ltr'>in</span> <span class='ocrx_word' id='word_1_19' title='bbox 723 343 795 378; x_wconf 89' lang='lat' dir='ltr'>tua</span> <span class='ocrx_word' id='word_1_20' title='bbox 815 340 997 378; x_wconf 85' lang='lat' dir='ltr'>membra</span> <span class='ocrx_word' id='word_1_21' title='bbox 1019 340 1170 378; x_wconf 84' lang='lat' dir='ltr'>cadunt</span> <span class='ocrx_word' id='word_1_22' title='bbox 1187 357 1196 385; x_wconf 72' lang='grc' dir='ltr'><strong>ς</strong></span> 
     </span>
    </p>

    <p class='ocr_par' dir='ltr' id='par_1_5' title="bbox 177 399 1230 509">
     <span class='ocr_line' id='line_1_6' title="bbox 177 399 1230 452; baseline 0.001 -14"><span class='ocrx_word' id='word_1_23' title='bbox 177 399 288 439; x_wconf 90' lang='lat' dir='ltr'>Dum</span> <span class='ocrx_word' id='word_1_24' title='bbox 308 401 413 452; x_wconf 86' lang='lat' dir='ltr'>petis</span> <span class='ocrx_word' id='word_1_25' title='bbox 435 402 647 447; x_wconf 80' lang='lat' dir='ltr'>amplexus</span> <span class='ocrx_word' id='word_1_26' title='bbox 668 401 880 452; x_wconf 81' lang='lat' dir='ltr'>sopitaque</span> <span class='ocrx_word' id='word_1_27' title='bbox 901 402 1070 439; x_wconf 83' lang='lat' dir='ltr'>brachia</span> <span class='ocrx_word' id='word_1_28' title='bbox 1090 402 1230 448; x_wconf 88' lang='lat' dir='ltr'>iactas,</span> 
     </span>
     <span class='ocr_line' id='line_1_7' title="bbox 230 462 1116 509; baseline 0.001 -10"><span class='ocrx_word' id='word_1_29' title='bbox 230 462 364 500; x_wconf 87' lang='lat' dir='ltr'>Paene</span> <span class='ocrx_word' id='word_1_30' title='bbox 384 476 529 499; x_wconf 88' lang='lat' dir='ltr'>manus</span> <span class='ocrx_word' id='word_1_31' title='bbox 551 463 631 500; x_wconf 86' lang='lat' dir='ltr'>telo</span> <span class='ocrx_word' id='word_1_32' title='bbox 652 463 790 500; x_wconf 87' lang='lat' dir='ltr'>saucia</span> <span class='ocrx_word' id='word_1_33' title='bbox 809 463 919 500; x_wconf 85' lang='lat' dir='ltr'>facta</span> <span class='ocrx_word' id='word_1_34' title='bbox 939 467 1012 500; x_wconf 87' lang='lat' dir='ltr'>tua</span> <span class='ocrx_word' id='word_1_35' title='bbox 1032 466 1116 509; x_wconf 90' lang='lat' dir='ltr'>est;</span> 
     </span>
    </p>

    <p class='ocr_par' dir='ltr' id='par_1_6' title="bbox 175 523 1343 575">
     <span class='ocr_line' id='line_1_8' title="bbox 175 523 1343 575; baseline 0.001 -13"><span class='ocrx_word' id='word_1_36' title='bbox 175 523 344 574; x_wconf 85' lang='lat' dir='ltr'>Iamque</span> <span class='ocrx_word' id='word_1_37' title='bbox 365 528 524 574; x_wconf 83' lang='lat' dir='ltr'>patrem</span> <span class='ocrx_word' id='word_1_38' title='bbox 543 524 798 574; x_wconf 83' lang='lat' dir='ltr'>famulosque</span> <span class='ocrx_word' id='word_1_39' title='bbox 826 524 958 575; x_wconf 88' lang='lat' dir='ltr'>patris</span> <span class='ocrx_word' id='word_1_40' title='bbox 988 524 1199 574; x_wconf 87' lang='lat' dir='ltr'>lucemque</span> <span class='ocrx_word' id='word_1_41' title='bbox 1226 525 1343 563; x_wconf 87' lang='lat' dir='ltr'>time-</span> 
     </span>
    </p>

    <p class='ocr_par' dir='ltr' id='par_1_7' title="bbox 333 584 449 621">
     <span class='ocr_line' id='line_1_9' title="bbox 333 584 449 621; baseline 0 0"><span class='ocrx_word' id='word_1_42' title='bbox 333 584 427 621; x_wconf 83' lang='lat' dir='ltr'>bam</span> <span class='ocrx_word' id='word_1_43' title='bbox 443 601 449 621; x_wconf 93' lang='lat'>:</span> 
     </span>
    </p>

    <p class='ocr_par' dir='ltr' id='par_1_8' title="bbox 228 645 1345 697">
     <span class='ocr_line' id='line_1_10' title="bbox 228 645 1345 697; baseline 0.002 -14"><span class='ocrx_word' id='word_1_44' title='bbox 228 646 488 697; x_wconf 71' lang='lat' dir='ltr'>Expulerunt</span> <span class='ocrx_word' id='word_1_45' title='bbox 508 659 668 683; x_wconf 87' lang='lat' dir='ltr'>somnos</span> <span class='ocrx_word' id='word_1_46' title='bbox 688 645 789 683; x_wconf 87' lang='lat' dir='ltr'>haec</span> <span class='ocrx_word' id='word_1_47' title='bbox 808 659 900 683; x_wconf 89' lang='lat' dir='ltr'>mea</span> <span class='ocrx_word' id='word_1_48' title='bbox 920 646 1031 684; x_wconf 86' lang='lat' dir='ltr'>dicta</span> <span class='ocrx_word' id='word_1_49' title='bbox 1050 649 1142 684; x_wconf 90' lang='lat' dir='ltr'>tuos</span> <span class='ocrx_word' id='word_1_50' title='bbox 1162 663 1169 684; x_wconf 92' lang='lat'><strong>:</strong></span> <span class='ocrx_word' id='word_1_51' title='bbox 1293 645 1345 686; x_wconf 83' lang='lat'>20</span> 
     </span>
    </p>

    <p class='ocr_par' dir='ltr' id='par_1_9' title="bbox 173 707 1288 819">
     <span class='ocr_line' id='line_1_11' title="bbox 173 707 1288 758; baseline 0 -12"><span class='ocrx_word' id='word_1_52' title='bbox 173 710 198 728; x_wconf 89' lang='lat'><strong>“</strong></span> <span class='ocrx_word' id='word_1_53' title='bbox 216 707 345 758; x_wconf 84' lang='lat' dir='ltr'>Surge</span> <span class='ocrx_word' id='word_1_54' title='bbox 367 721 452 757; x_wconf 79' lang='lat' dir='ltr'>age,</span> <span class='ocrx_word' id='word_1_55' title='bbox 475 707 627 752; x_wconf 83' lang='lat' dir='ltr'>Belide,</span> <span class='ocrx_word' id='word_1_56' title='bbox 649 707 698 744; x_wconf 88' lang='lat' dir='ltr'>de</span> <span class='ocrx_word' id='word_1_57' title='bbox 719 711 780 744; x_wconf 85' lang='lat' dir='ltr'>tot</span> <span class='ocrx_word' id='word_1_58' title='bbox 799 707 918 745; x_wconf 90' lang='lat' dir='ltr'>modo</span> <span class='ocrx_word' id='word_1_59' title='bbox 938 707 1138 745; x_wconf 85' lang='lat' dir='ltr'>fratribus</span> <span class='ocrx_word' id='word_1_60' title='bbox 1157 708 1288 746; x_wconf 79' lang='lat' dir='ltr'>unus!</span> 
     </span>
     <span class='ocr_line' id='line_1_12' title="bbox 225 768 1168 819; baseline -0.001 -12"><span class='ocrx_word' id='word_1_61' title='bbox 225 770 319 807; x_wconf 81' lang='lat' dir='ltr'>Nox</span> <span class='ocrx_word' id='word_1_62' title='bbox 338 769 426 813; x_wconf 75' lang='lat' dir='ltr'>tibi,</span> <span class='ocrx_word' id='word_1_63' title='bbox 447 769 491 805; x_wconf 91' lang='lat' dir='ltr'>ni</span> <span class='ocrx_word' id='word_1_64' title='bbox 510 781 717 819; x_wconf 73' lang='lat' dir='ltr'>properas,</span> <span class='ocrx_word' id='word_1_65' title='bbox 737 769 819 806; x_wconf 86' lang='lat' dir='ltr'>ista</span> <span class='ocrx_word' id='word_1_66' title='bbox 838 769 1029 819; x_wconf 88' lang='lat' dir='ltr'>perennis</span> <span class='ocrx_word' id='word_1_67' title='bbox 1050 768 1168 807; x_wconf 86' lang='lat' dir='ltr'>erit.&#39;&#39;</span> 
     </span>
    </p>

    <p class='ocr_par' dir='ltr' id='par_1_10' title="bbox 173 830 1343 943">
     <span class='ocr_line' id='line_1_13' title="bbox 173 830 1220 881; baseline -0.002 -11"><span class='ocrx_word' id='word_1_68' title='bbox 173 830 358 870; x_wconf 85' lang='lat' dir='ltr'>Territus</span> <span class='ocrx_word' id='word_1_69' title='bbox 379 831 586 881; x_wconf 84' lang='lat' dir='ltr'>exsurgis3</span> <span class='ocrx_word' id='word_1_70' title='bbox 616 830 727 880; x_wconf 84' lang='lat' dir='ltr'>fugit</span> <span class='ocrx_word' id='word_1_71' title='bbox 747 831 877 867; x_wconf 89' lang='lat' dir='ltr'>omnis</span> <span class='ocrx_word' id='word_1_72' title='bbox 898 831 1047 868; x_wconf 88' lang='lat' dir='ltr'>inertia</span> <span class='ocrx_word' id='word_1_73' title='bbox 1067 831 1220 878; x_wconf 81' lang='lat' dir='ltr'>somni3</span> 
     </span>
     <span class='ocr_line' id='line_1_14' title="bbox 225 892 1343 943; baseline 0.002 -13"><span class='ocrx_word' id='word_1_74' title='bbox 225 892 389 943; x_wconf 85' lang='lat' dir='ltr'>Aspicis</span> <span class='ocrx_word' id='word_1_75' title='bbox 409 892 453 929; x_wconf 92' lang='lat' dir='ltr'>in</span> <span class='ocrx_word' id='word_1_76' title='bbox 473 892 619 929; x_wconf 83' lang='lat' dir='ltr'>timida</span> <span class='ocrx_word' id='word_1_77' title='bbox 637 892 763 929; x_wconf 80' lang='lat' dir='ltr'>fortia</span> <span class='ocrx_word' id='word_1_78' title='bbox 783 892 865 929; x_wconf 88' lang='lat' dir='ltr'>tela</span> <span class='ocrx_word' id='word_1_79' title='bbox 884 905 1030 930; x_wconf 87' lang='lat' dir='ltr'>manu:</span> <span class='ocrx_word' id='word_1_80' title='bbox 1290 894 1343 932; x_wconf 80' lang='lat'>24</span> 
     </span>
    </p>

    <p class='ocr_par' dir='ltr' id='par_1_11' title="bbox 171 953 1326 1065">
     <span class='ocr_line' id='line_1_15' title="bbox 171 953 1326 1004; baseline 0 -12"><span class='ocrx_word' id='word_1_81' title='bbox 171 953 395 1003; x_wconf 76' lang='lat' dir='ltr'>Quaerenti</span> <span class='ocrx_word' id='word_1_82' title='bbox 415 967 579 992; x_wconf 85' lang='lat' dir='ltr'>causam</span> <span class='ocrx_word' id='word_1_83' title='bbox 600 956 622 972; x_wconf 84' lang='lat'>“</span> <span class='ocrx_word' id='word_1_84' title='bbox 636 954 747 990; x_wconf 87' lang='lat' dir='ltr'>Dum</span> <span class='ocrx_word' id='word_1_85' title='bbox 766 967 846 991; x_wconf 87' lang='lat' dir='ltr'>nox</span> <span class='ocrx_word' id='word_1_86' title='bbox 866 954 977 999; x_wconf 74' lang='lat' dir='ltr'>sinit,</span> <span class='ocrx_word' id='word_1_87' title='bbox 1000 954 1156 1004; x_wconf 84' lang='lat' dir='ltr'>effuge!</span> <span class='ocrx_word' id='word_1_88' title='bbox 1173 954 1194 968; x_wconf 89' lang='grc'><em>”</em></span> <span class='ocrx_word' id='word_1_89' title='bbox 1217 955 1326 1002; x_wconf 83' lang='lat' dir='ltr'>dixi3</span> 
     </span>
     <span class='ocr_line' id='line_1_16' title="bbox 223 1015 1163 1065; baseline 0.001 -13"><span class='ocrx_word' id='word_1_90' title='bbox 223 1016 335 1053; x_wconf 92' lang='lat' dir='ltr'>Dum</span> <span class='ocrx_word' id='word_1_91' title='bbox 354 1029 434 1052; x_wconf 88' lang='lat' dir='ltr'>nox</span> <span class='ocrx_word' id='word_1_92' title='bbox 453 1020 544 1052; x_wconf 80' lang='lat' dir='ltr'>atra</span> <span class='ocrx_word' id='word_1_93' title='bbox 563 1015 674 1060; x_wconf 83' lang='lat' dir='ltr'>sinit,</span> <span class='ocrx_word' id='word_1_94' title='bbox 695 1018 742 1052; x_wconf 86' lang='lat' dir='ltr'>tu</span> <span class='ocrx_word' id='word_1_95' title='bbox 761 1015 885 1065; x_wconf 76' lang='lat' dir='ltr'>fugis,</span> <span class='ocrx_word' id='word_1_96' title='bbox 906 1015 999 1065; x_wconf 87' lang='lat' dir='ltr'>ipsa</span> <span class='ocrx_word' id='word_1_97' title='bbox 1018 1029 1163 1053; x_wconf 88' lang='lat' dir='ltr'>moror.</span> 
     </span>
    </p>

    <p class='ocr_par' dir='ltr' id='par_1_12' title="bbox 169 1077 1264 1185">
     <span class='ocr_line' id='line_1_17' title="bbox 169 1077 1264 1130; baseline 0 -15"><span class='ocrx_word' id='word_1_98' title='bbox 169 1077 292 1116; x_wconf 88' lang='lat' dir='ltr'>Mane</span> <span class='ocrx_word' id='word_1_99' title='bbox 313 1081 411 1122; x_wconf 85' lang='lat' dir='ltr'>erat,</span> <span class='ocrx_word' id='word_1_100' title='bbox 433 1081 474 1114; x_wconf 90' lang='lat' dir='ltr'>et</span> <span class='ocrx_word' id='word_1_101' title='bbox 494 1077 661 1130; x_wconf 85' lang='lat' dir='ltr'>Danaus</span> <span class='ocrx_word' id='word_1_102' title='bbox 681 1089 851 1126; x_wconf 87' lang='lat' dir='ltr'>generos</span> <span class='ocrx_word' id='word_1_103' title='bbox 873 1090 923 1114; x_wconf 83' lang='lat' dir='ltr'>ex</span> <span class='ocrx_word' id='word_1_104' title='bbox 943 1077 1064 1114; x_wconf 87' lang='lat' dir='ltr'>caede</span> <span class='ocrx_word' id='word_1_105' title='bbox 1084 1078 1264 1116; x_wconf 85' lang='lat' dir='ltr'>iacentes</span> 
     </span>
     <span class='ocr_line' id='line_1_18' title="bbox 223 1138 1176 1185; baseline 0.002 -10"><span class='ocrx_word' id='word_1_106' title='bbox 223 1139 492 1176; x_wconf 88' lang='lat' dir='ltr'>Dinumerat:</span> <span class='ocrx_word' id='word_1_107' title='bbox 522 1152 704 1176; x_wconf 90' lang='lat' dir='ltr'>summae</span> <span class='ocrx_word' id='word_1_108' title='bbox 725 1138 908 1176; x_wconf 87' lang='lat' dir='ltr'>criminis</span> <span class='ocrx_word' id='word_1_109' title='bbox 929 1152 1035 1176; x_wconf 89' lang='lat' dir='ltr'>unus</span> <span class='ocrx_word' id='word_1_110' title='bbox 1056 1139 1151 1177; x_wconf 87' lang='lat' dir='ltr'>abes</span> <span class='ocrx_word' id='word_1_111' title='bbox 1169 1156 1176 1185; x_wconf 91' lang='grc'><strong>;</strong></span> 
     </span>
    </p>

    <p class='ocr_par' dir='ltr' id='par_1_13' title="bbox 169 1200 1338 1312">
     <span class='ocr_line' id='line_1_19' title="bbox 169 1200 1156 1250; baseline -0.002 -11"><span class='ocrx_word' id='word_1_112' title='bbox 169 1200 266 1239; x_wconf 90' lang='lat' dir='ltr'>Fert</span> <span class='ocrx_word' id='word_1_113' title='bbox 286 1201 392 1238; x_wconf 89' lang='lat' dir='ltr'>male</span> <span class='ocrx_word' id='word_1_114' title='bbox 413 1204 608 1250; x_wconf 78' lang='lat' dir='ltr'>cognatae</span> <span class='ocrx_word' id='word_1_115' title='bbox 627 1201 828 1238; x_wconf 86' lang='lat' dir='ltr'>iacturam</span> <span class='ocrx_word' id='word_1_116' title='bbox 849 1201 992 1237; x_wconf 88' lang='lat' dir='ltr'>mortis</span> <span class='ocrx_word' id='word_1_117' title='bbox 1012 1201 1056 1237; x_wconf 90' lang='lat' dir='ltr'>in</span> <span class='ocrx_word' id='word_1_118' title='bbox 1075 1214 1156 1238; x_wconf 88' lang='lat' dir='ltr'>uno</span> 
     </span>
     <span class='ocr_line' id='line_1_20' title="bbox 220 1262 1338 1312; baseline 0.002 -13"><span class='ocrx_word' id='word_1_119' title='bbox 220 1263 275 1299; x_wconf 86' lang='lat' dir='ltr'>Et</span> <span class='ocrx_word' id='word_1_120' title='bbox 294 1262 480 1312; x_wconf 89' lang='lat' dir='ltr'>queritur</span> <span class='ocrx_word' id='word_1_121' title='bbox 498 1262 598 1300; x_wconf 89' lang='lat' dir='ltr'>facti</span> <span class='ocrx_word' id='word_1_122' title='bbox 619 1262 831 1312; x_wconf 82' lang='lat' dir='ltr'>sanguinis</span> <span class='ocrx_word' id='word_1_123' title='bbox 853 1276 939 1299; x_wconf 90' lang='lat' dir='ltr'>esse</span> <span class='ocrx_word' id='word_1_124' title='bbox 960 1276 1130 1312; x_wconf 76' lang='lat' dir='ltr'>parum3</span> <span class='ocrx_word' id='word_1_125' title='bbox 1285 1262 1338 1302; x_wconf 88' lang='lat'>30</span> 
     </span>
    </p>

    <p class='ocr_par' dir='ltr' id='par_1_14' title="bbox 164 1323 1254 1436">
     <span class='ocr_line' id='line_1_21' title="bbox 164 1323 1254 1374; baseline 0 -12"><span class='ocrx_word' id='word_1_126' title='bbox 164 1323 398 1362; x_wconf 81' lang='lat' dir='ltr'>Abstrahor</span> <span class='ocrx_word' id='word_1_127' title='bbox 417 1337 441 1361; x_wconf 90' lang='lat' dir='ltr'>a</span> <span class='ocrx_word' id='word_1_128' title='bbox 458 1324 605 1374; x_wconf 84' lang='lat' dir='ltr'>patriis</span> <span class='ocrx_word' id='word_1_129' title='bbox 625 1325 810 1374; x_wconf 88' lang='lat' dir='ltr'>pedibus,</span> <span class='ocrx_word' id='word_1_130' title='bbox 831 1328 1074 1374; x_wconf 82' lang='lat' dir='ltr'>raptamque</span> <span class='ocrx_word' id='word_1_131' title='bbox 1095 1325 1254 1374; x_wconf 86' lang='lat' dir='ltr'>capillis</span> 
     </span>
     <span class='ocr_line' id='line_1_22' title="bbox 221 1385 1239 1436; baseline 0.002 -14"><span class='ocrx_word' id='word_1_132' title='bbox 221 1385 356 1435; x_wconf 89' lang='lat' dir='ltr'>(Haec</span> <span class='ocrx_word' id='word_1_133' title='bbox 375 1386 525 1424; x_wconf 85' lang='lat' dir='ltr'>meruit</span> <span class='ocrx_word' id='word_1_134' title='bbox 545 1386 676 1436; x_wconf 87' lang='lat' dir='ltr'>pietas</span> <span class='ocrx_word' id='word_1_135' title='bbox 696 1386 880 1436; x_wconf 84' lang='lat' dir='ltr'>praemia</span> <span class='ocrx_word' id='word_1_136' title='bbox 893 1385 921 1431; x_wconf 75' lang='grc' dir='ltr'>ἔ)</span> <span class='ocrx_word' id='word_1_137' title='bbox 946 1398 1084 1423; x_wconf 84' lang='lat' dir='ltr'>carcer</span> <span class='ocrx_word' id='word_1_138' title='bbox 1103 1386 1239 1424; x_wconf 86' lang='lat' dir='ltr'>habet.</span> 
     </span>
    </p>
   </div>
   <div class='ocr_carea' id='block_1_4' title="bbox 157 1563 1331 2280">
    <p class='ocr_par' dir='ltr' id='par_1_15' title="bbox 162 1563 1331 1787">
     <span class='ocr_line' id='line_1_23' title="bbox 163 1563 1296 1615; baseline 0 -12"><span class='ocrx_word' id='word_1_139' title='bbox 163 1564 326 1604; x_wconf 82' lang='lat' dir='ltr'>Ultima</span> <span class='ocrx_word' id='word_1_140' title='bbox 345 1564 444 1615; x_wconf 87' lang='lat' dir='ltr'>quid</span> <span class='ocrx_word' id='word_1_141' title='bbox 463 1564 650 1609; x_wconf 86' lang='lat' dir='ltr'>referam,</span> <span class='ocrx_word' id='word_1_142' title='bbox 671 1578 843 1615; x_wconf 84' lang='lat' dir='ltr'>quorum</span> <span class='ocrx_word' id='word_1_143' title='bbox 863 1563 967 1601; x_wconf 91' lang='lat' dir='ltr'>mihi</span> <span class='ocrx_word' id='word_1_144' title='bbox 987 1577 1089 1602; x_wconf 84' lang='lat' dir='ltr'>cana</span> <span class='ocrx_word' id='word_1_145' title='bbox 1108 1568 1296 1603; x_wconf 85' lang='lat' dir='ltr'>senectus</span> 
     </span>
     <span class='ocr_line' id='line_1_24' title="bbox 215 1624 1261 1676; baseline 0.002 -14"><span class='ocrx_word' id='word_1_146' title='bbox 215 1627 373 1663; x_wconf 81' lang='lat' dir='ltr'>Auctor</span> <span class='ocrx_word' id='word_1_147' title='bbox 391 1624 409 1663; x_wconf 67' lang='lat' dir='ltr'>P</span> <span class='ocrx_word' id='word_1_148' title='bbox 465 1626 579 1663; x_wconf 87' lang='lat' dir='ltr'>Dant</span> <span class='ocrx_word' id='word_1_149' title='bbox 597 1626 706 1672; x_wconf 85' lang='lat' dir='ltr'>anni,</span> <span class='ocrx_word' id='word_1_150' title='bbox 727 1626 835 1676; x_wconf 89' lang='lat' dir='ltr'>quod</span> <span class='ocrx_word' id='word_1_151' title='bbox 854 1639 1012 1676; x_wconf 85' lang='lat' dir='ltr'>querar,</span> <span class='ocrx_word' id='word_1_152' title='bbox 1035 1639 1136 1670; x_wconf 72' lang='lat' dir='ltr'>ecce,</span> <span class='ocrx_word' id='word_1_153' title='bbox 1160 1627 1261 1664; x_wconf 77' lang='lat' dir='ltr'>mei!</span> 
     </span>
     <span class='ocr_line' id='line_1_25' title="bbox 162 1687 1331 1738; baseline 0.003 -14"><span class='ocrx_word' id='word_1_154' title='bbox 162 1687 279 1725; x_wconf 86' lang='lat' dir='ltr'>Bella</span> <span class='ocrx_word' id='word_1_155' title='bbox 298 1690 417 1738; x_wconf 82' lang='lat' dir='ltr'>pater</span> <span class='ocrx_word' id='word_1_156' title='bbox 430 1692 683 1738; x_wconf 84' lang='lat' dir='ltr'>patruusque</span> <span class='ocrx_word' id='word_1_157' title='bbox 702 1691 851 1737; x_wconf 87' lang='lat' dir='ltr'>gerunt</span> <span class='ocrx_word' id='word_1_158' title='bbox 868 1703 876 1733; x_wconf 83' lang='lat'>3</span> <span class='ocrx_word' id='word_1_159' title='bbox 906 1700 1110 1737; x_wconf 88' lang='lat' dir='ltr'>regnoque</span> <span class='ocrx_word' id='word_1_160' title='bbox 1131 1687 1331 1738; x_wconf 87' lang='lat' dir='ltr'>domoque</span> 
     </span>
     <span class='ocr_line' id='line_1_26' title="bbox 215 1748 1095 1787; baseline 0 -1"><span class='ocrx_word' id='word_1_161' title='bbox 215 1749 439 1787; x_wconf 71' lang='lat' dir='ltr'>Pellimur:</span> <span class='ocrx_word' id='word_1_162' title='bbox 470 1750 617 1787; x_wconf 86' lang='lat' dir='ltr'>eiectos</span> <span class='ocrx_word' id='word_1_163' title='bbox 638 1749 809 1786; x_wconf 87' lang='lat' dir='ltr'>ultimus</span> <span class='ocrx_word' id='word_1_164' title='bbox 829 1748 938 1786; x_wconf 87' lang='lat' dir='ltr'>orbis</span> <span class='ocrx_word' id='word_1_165' title='bbox 960 1748 1095 1786; x_wconf 87' lang='lat' dir='ltr'>habet.</span> 
     </span>
    </p>

    <p class='ocr_par' dir='ltr' id='par_1_16' title="bbox 161 1810 1327 1923">
     <span class='ocr_line' id='line_1_27' title="bbox 161 1810 1327 1861; baseline 0.003 -14"><span class='ocrx_word' id='word_1_166' title='bbox 161 1810 224 1848; x_wconf 94' lang='lat' dir='ltr'>De</span> <span class='ocrx_word' id='word_1_167' title='bbox 243 1811 421 1848; x_wconf 83' lang='lat' dir='ltr'>fratrum</span> <span class='ocrx_word' id='word_1_168' title='bbox 440 1811 591 1861; x_wconf 91' lang='lat' dir='ltr'>populo</span> <span class='ocrx_word' id='word_1_169' title='bbox 611 1824 705 1861; x_wconf 83' lang='lat' dir='ltr'>pars</span> <span class='ocrx_word' id='word_1_170' title='bbox 727 1810 994 1861; x_wconf 83' lang='lat' dir='ltr'>exiguissima</span> <span class='ocrx_word' id='word_1_171' title='bbox 1013 1814 1165 1849; x_wconf 85' lang='lat' dir='ltr'>restat:</span> <span class='ocrx_word' id='word_1_172' title='bbox 1301 1812 1327 1850; x_wconf 87' lang='lat'>5</span> 
     </span>
     <span class='ocr_line' id='line_1_28' title="bbox 214 1871 1095 1923; baseline 0.001 -14"><span class='ocrx_word' id='word_1_173' title='bbox 214 1871 373 1922; x_wconf 79' lang='lat' dir='ltr'>Quique</span> <span class='ocrx_word' id='word_1_174' title='bbox 394 1872 480 1909; x_wconf 84' lang='lat' dir='ltr'>dati</span> <span class='ocrx_word' id='word_1_175' title='bbox 501 1872 593 1917; x_wconf 81' lang='lat' dir='ltr'>leto,</span> <span class='ocrx_word' id='word_1_176' title='bbox 615 1886 796 1923; x_wconf 85' lang='lat' dir='ltr'>quaeque</span> <span class='ocrx_word' id='word_1_177' title='bbox 817 1872 975 1917; x_wconf 84' lang='lat' dir='ltr'>dedere,</span> <span class='ocrx_word' id='word_1_178' title='bbox 997 1873 1070 1910; x_wconf 93' lang='lat' dir='ltr'>fleo</span> <span class='ocrx_word' id='word_1_179' title='bbox 1088 1889 1095 1917; x_wconf 77' lang='lat'>3</span> 
     </span>
    </p>

    <p class='ocr_par' dir='ltr' id='par_1_17' title="bbox 158 1932 1259 2046">
     <span class='ocr_line' id='line_1_29' title="bbox 158 1932 1259 1985; baseline 0.002 -15"><span class='ocrx_word' id='word_1_180' title='bbox 158 1932 266 1971; x_wconf 85' lang='lat' dir='ltr'>Nam</span> <span class='ocrx_word' id='word_1_181' title='bbox 285 1933 389 1970; x_wconf 89' lang='lat' dir='ltr'>mihi</span> <span class='ocrx_word' id='word_1_182' title='bbox 409 1937 507 1984; x_wconf 89' lang='lat' dir='ltr'>quot</span> <span class='ocrx_word' id='word_1_183' title='bbox 526 1933 687 1980; x_wconf 81' lang='lat' dir='ltr'>fratres,</span> <span class='ocrx_word' id='word_1_184' title='bbox 709 1934 881 1972; x_wconf 86' lang='lat' dir='ltr'>totidem</span> <span class='ocrx_word' id='word_1_185' title='bbox 902 1935 1058 1985; x_wconf 89' lang='lat' dir='ltr'>periere</span> <span class='ocrx_word' id='word_1_186' title='bbox 1079 1947 1235 1972; x_wconf 84' lang='lat' dir='ltr'>sorores</span> <span class='ocrx_word' id='word_1_187' title='bbox 1252 1951 1259 1973; x_wconf 91' lang='lat'>:</span> 
     </span>
     <span class='ocr_line' id='line_1_30' title="bbox 210 1995 1101 2046; baseline 0.001 -14"><span class='ocrx_word' id='word_1_188' title='bbox 210 1995 401 2045; x_wconf 87' lang='lat' dir='ltr'>Accipiat</span> <span class='ocrx_word' id='word_1_189' title='bbox 421 1995 608 2033; x_wconf 81' lang='lat' dir='ltr'>lacrimas</span> <span class='ocrx_word' id='word_1_190' title='bbox 628 1999 802 2046; x_wconf 85' lang='lat' dir='ltr'>utraque</span> <span class='ocrx_word' id='word_1_191' title='bbox 822 1996 947 2033; x_wconf 88' lang='lat' dir='ltr'>turba</span> <span class='ocrx_word' id='word_1_192' title='bbox 965 2009 1075 2034; x_wconf 89' lang='lat' dir='ltr'>meas</span> <span class='ocrx_word' id='word_1_193' title='bbox 1092 1995 1101 2033; x_wconf 76' lang='grc' dir='ltr'><strong>ἓ</strong></span> 
     </span>
    </p>

    <p class='ocr_par' dir='ltr' id='par_1_18' title="bbox 158 2054 1328 2169">
     <span class='ocr_line' id='line_1_31' title="bbox 158 2054 1246 2108; baseline 0.003 -15"><span class='ocrx_word' id='word_1_194' title='bbox 158 2054 234 2101; x_wconf 81' lang='lat' dir='ltr'>En,</span> <span class='ocrx_word' id='word_1_195' title='bbox 255 2069 340 2106; x_wconf 85' lang='lat' dir='ltr'>ego,</span> <span class='ocrx_word' id='word_1_196' title='bbox 362 2057 469 2107; x_wconf 90' lang='lat' dir='ltr'>quod</span> <span class='ocrx_word' id='word_1_197' title='bbox 488 2057 607 2103; x_wconf 81' lang='lat' dir='ltr'>vivis,</span> <span class='ocrx_word' id='word_1_198' title='bbox 629 2071 782 2108; x_wconf 89' lang='lat' dir='ltr'>poenae</span> <span class='ocrx_word' id='word_1_199' title='bbox 802 2057 1022 2096; x_wconf 86' lang='lat' dir='ltr'>crucianda</span> <span class='ocrx_word' id='word_1_200' title='bbox 1040 2071 1246 2096; x_wconf 73' lang='lat' dir='ltr'>reservor:</span> 
     </span>
     <span class='ocr_line' id='line_1_32' title="bbox 211 2116 1328 2169; baseline 0.003 -15"><span class='ocrx_word' id='word_1_201' title='bbox 211 2116 320 2164; x_wconf 86' lang='lat' dir='ltr'>Quid</span> <span class='ocrx_word' id='word_1_202' title='bbox 340 2119 410 2156; x_wconf 89' lang='lat' dir='ltr'>fiet</span> <span class='ocrx_word' id='word_1_203' title='bbox 429 2119 548 2164; x_wconf 85' lang='lat' dir='ltr'>sonti,</span> <span class='ocrx_word' id='word_1_204' title='bbox 570 2132 662 2157; x_wconf 89' lang='lat' dir='ltr'>cum</span> <span class='ocrx_word' id='word_1_205' title='bbox 681 2133 751 2157; x_wconf 86' lang='lat' dir='ltr'>rea</span> <span class='ocrx_word' id='word_1_206' title='bbox 770 2119 903 2157; x_wconf 87' lang='lat' dir='ltr'>laudis</span> <span class='ocrx_word' id='word_1_207' title='bbox 925 2133 1025 2169; x_wconf 82' lang='lat' dir='ltr'>agar</span> <span class='ocrx_word' id='word_1_208' title='bbox 1273 2117 1328 2158; x_wconf 86' lang='lat'>10</span> 
     </span>
    </p>

    <p class='ocr_par' dir='ltr' id='par_1_19' title="bbox 157 2177 1217 2280">
     <span class='ocr_line' id='line_1_33' title="bbox 157 2177 1217 2231; baseline 0.003 -15"><span class='ocrx_word' id='word_1_209' title='bbox 157 2177 224 2223; x_wconf 74' lang='lat' dir='ltr'>Et,</span> <span class='ocrx_word' id='word_1_210' title='bbox 245 2181 568 2230; x_wconf 83' lang='lat' dir='ltr'>consanguineae</span> <span class='ocrx_word' id='word_1_211' title='bbox 589 2181 793 2231; x_wconf 88' lang='lat' dir='ltr'>quondam</span> <span class='ocrx_word' id='word_1_212' title='bbox 815 2182 1036 2219; x_wconf 84' lang='lat' dir='ltr'>centesima</span> <span class='ocrx_word' id='word_1_213' title='bbox 1057 2185 1217 2228; x_wconf 68' lang='lat' dir='ltr'>turmae,</span> 
     </span>
     <span class='ocr_line' id='line_1_34' title="bbox 210 2240 1019 2280; baseline 0.004 -3"><span class='ocrx_word' id='word_1_214' title='bbox 210 2240 362 2278; x_wconf 85' lang='lat' dir='ltr'>Infelix</span> <span class='ocrx_word' id='word_1_215' title='bbox 381 2255 462 2279; x_wconf 89' lang='lat' dir='ltr'>uno</span> <span class='ocrx_word' id='word_1_216' title='bbox 481 2242 610 2280; x_wconf 82' lang='lat' dir='ltr'>fratre</span> <span class='ocrx_word' id='word_1_217' title='bbox 630 2246 820 2280; x_wconf 85' lang='lat' dir='ltr'>manente</span> <span class='ocrx_word' id='word_1_218' title='bbox 840 2242 982 2280; x_wconf 85' lang='lat' dir='ltr'>cadam</span> <span class='ocrx_word' id='word_1_219' title='bbox 1001 2240 1019 2280; x_wconf 71' lang='lat' dir='ltr'>P</span> 
     </span>
    </p>
   </div>
  </div>
 </body>
</html>
