1491 2390
130 80 183 122 '76

133 1851 194 1891 68.

554 93 710 120 STORIES
740 93 843 120 FROM
874 93 978 121 ovm.

236 195 403 247 Quoque
424 200 501 242 eat,
523 200 594 234 aut
614 196 685 233 ubi
704 196 770 241 sit,
791 196 906 246 picea
925 196 1099 246 caligine
1119 198 1252 234 tectus

233 257 385 304 Nescit,
407 262 447 296 et
467 258 636 296 arbitrio
659 257 869 295 volucrum
887 261 1079 308 raptatus¹
1098 269 1304 307 equorum.

234 319 442 370 Sanguine
462 324 560 356 tunc
580 319 751 356 credunt
770 319 814 355 in
834 332 1002 368 corpora
1021 331 1181 356 summa
1199 321 1342 355 vocato

233 381 485 431 Aethiopum
505 381 676 431 populos
697 380 862 429 nigrum
882 380 1055 418 traxisse
1075 379 1260 417 colorem.
1343 377 1396 417 30

233 442 338 480 Tum
357 443 468 480 facta
488 446 549 480 est
569 441 697 491 Libye
716 442 847 491 raptis
867 441 1077 478 umoribus
1099 446 1214 478 aestu

233 504 374 542 Arida.
433 504 537 540 Tum
556 503 762 553 nymphae
782 503 913 552 passis
933 502 1146 552 fontesque
1167 502 1358 552 lacusque

238 565 444 603 Deflevere
464 565 599 603 comis.
658 563 828 610 Quaerit
848 563 1017 602 Boeotia
1036 563 1199 601 Dircen.

234 626 355 664 Nilus
375 626 419 663 in
438 629 666 664 extremum
685 625 795 675 fugit
813 626 1056 676 perterritus
1077 625 1216 663 orbem
1345 623 1398 661 34·

237 687 507 738 Occuluitque
527 690 662 738 caput,
677 686 785 736 quod
803 687 938 724 adhuc
957 687 1070 724 latet.
1104 685 1222 724 Ostia
1237 688 1395 735 septem

237 749 530 787 Pulverulenta
550 751 710 794 vacant,
731 752 889 798 septem
909 749 995 786 sine
1014 748 1180 786 flumine
1201 747 1341 785 valles.

236 811 335 848 Fors
356 811 496 848 eadem
516 810 708 848 Ismarios
723 809 909 847 Hebrum
923 823 1014 847 cum
1030 809 1246 860 Strymone
1259 808 1397 849 siccat.

236 872 536 923 Hesperiosque
557 884 708 916 amnes,
730 871 922 909 Rhenum
942 871 1271 921 Rhodanumque
1293 869 1396 907 Pad-

342 947 502 983 umque,

238 994 394 1044 Cuique
414 996 496 1032 fuit
515 1009 649 1033 rerum
669 995 870 1046 promissa
888 994 1084 1045 potentia,
1108 992 1318 1043 Thybrim.

238 1056 403 1094 Dissilit
422 1070 539 1094 omne
560 1057 702 1102 solum,
723 1059 989 1108 penetratque
1009 1056 1053 1092 in
1073 1055 1248 1092 Tartara
1267 1053 1382 1091 rimis

239 1117 396 1155 Lumen
416 1122 457 1156 et
475 1118 682 1156 infernum
701 1122 827 1156 terret
847 1131 939 1156 cnm
959 1117 1129 1168 coniuge
1148 1130 1296 1167 regem.
1350 1116 1394 1153 41

239 1179 293 1216 Et
312 1192 424 1217 mare
444 1179 711 1224 contrahitur,
728 1179 934 1229 siccaeque
955 1182 1018 1216 est
1037 1191 1204 1229 campus
1224 1177 1400 1215 harenae

239 1240 357 1289 Quod
385 1241 503 1278 modo
533 1244 681 1292 pontus
716 1244 802 1279 erat
819 1257 827 1286 ;
870 1253 1048 1290 quosque
1080 1239 1211 1278 altum
1242 1243 1399 1276 texerat

345 1316 505 1352 aequor,

239 1364 458 1401 Exsistunt
477 1368 634 1401 montes
655 1367 696 1401 et
715 1376 876 1414 sparsas
894 1362 1098 1414 'Cycladas
1119 1366 1283 1413 augent.

239 1425 329 1463 Ima
349 1429 496 1476 petunt
518 1425 658 1475 pisces,
680 1437 754 1462 nec
773 1438 813 1462 se
835 1439 957 1475 super
975 1437 1150 1474 aequora
1170 1424 1284 1462 curvi
1351 1423 1400 1460 45³

240 1487 398 1524 Tollere
418 1491 630 1524 consuetas
651 1486 803 1524 audent
823 1486 1035 1537 delphines
1056 1486 1099 1523 in
1118 1499 1250 1523 auras.

241 1548 421 1598 Corpora
441 1548 664 1598 phocarum
685 1561 842 1585 summo
864 1548 1054 1598 resupina
1073 1547 1278 1598 profundo

241 1610 488 1647 Exanimata
507 1614 664 1647 natant.
718 1610 859 1660 Ipsum
880 1623 1036 1659 quoqne
1057 1609 1190 1646 Nerea
1209 1609 1320 1646 fama
1341 1614 1401 1646 est

245 1671 474 1720 Doridaque
495 1675 535 1709 et
554 1675 672 1709 natas
694 1672 841 1722 tepidis
863 1671 1030 1709 latuisse
1051 1670 1126 1707 sub
1147 1670 1288 1708 antris.

730 1774 793 1822 (d)

240 1852 298 1890 At
318 1858 436 1903 pater
454 1853 721 1903 omnipotens,
743 1865 909 1903 superos
931 1855 1105 1889 testatus
1126 1856 1167 1890 et
1187 1851 1336 1902 ipsum,

243 1914 321 1961 Qui
343 1914 510 1951 dederat
530 1928 683 1958 curruS,
706 1913 783 1950 uisi
804 1927 920 1964 opem
941 1913 1059 1955 ferat,
1081 1913 1217 1950 omnia
1236 1913 1322 1950 fato

242 1976 467 2013 lutei-itura
486 1976 614 2026 gravi.
636 1988 835 2012 summam
856 1975 961 2026 petit
981 1975 1132 2011 arduus
1152 1987 1298 2019 urcem,

247 2036 361 2074 Unde
382 2037 483 2074 solet
506 2037 598 2074 latis
620 2036 746 2073 nubes
768 2037 957 2074 inducere
977 2036 1109 2074 terris.

242 2098 362 2136 Unde
383 2103 517 2135 movet
538 2098 713 2135 tonitrus
734 2098 972 2148 vibrataque
993 2098 1167 2135 fulmina
1187 2097 1325 2135 iactat.
1377 2097 1401 2135 ὃ

245 2160 323 2197 Sed
346 2174 483 2209 nequo,
505 2174 605 2209 quas
628 2164 763 2210 posset
787 2160 903 2196 torris
927 2159 1128 2202 inducere,
1149 2159 1277 2197 nubes

243 2221 356 2259 Tunc
379 2221 522 2258 habuit
543 2235 625 2267 nec,
647 2235 746 2271 quos
767 2221 876 2258 caelo
897 2221 1135 2266 dimitteret,
1157 2220 1319 2258 imbres.
