1491 2390
50 1074 111 1116 53.

600 107 768 135 OENONE.
1265 93 1320 134 63

212 212 341 264 Saepe
361 213 462 252 citos
484 212 549 262 egi
568 225 642 263 per
660 212 757 262 iuga
776 212 898 261 longa
917 224 1048 249 canes.
1272 209 1323 247 20

156 275 314 312 Incisae
335 277 503 311 servant
522 287 546 311 a
565 278 604 311 te
624 286 715 311 mea
734 273 900 311 nomina
918 273 1016 322 fagi,

210 336 264 373 Et
284 336 397 386 legor
417 335 580 373 Oenone
600 335 704 372 falce
725 339 867 372 notata
887 338 970 380 tua,

156 398 211 436 Et
230 402 430 448 quantum
451 397 597 442 trunci,
619 401 781 434 tantum
801 410 891 433 mea
910 397 1077 433 nomina
1097 398 1306 433 crescunt:

210 458 390 497 Crescite
411 462 452 496 et
471 459 514 495 in
534 458 676 496 tit-ulos
697 458 853 508 surgite
873 462 986 495 recta
1004 457 1137 494 meos!
1272 455 1324 493 ⁶24

157 520 324 571 Popule‚
346 521 450 565 vive,
471 534 623 570 precor,
645 533 746 570 quae
767 520 925 557 consita
944 519 1129 569 margine
1149 518 1262 569 ripae

209 581 299 619 Hoc
318 582 362 619 in
380 595 528 632 rugoso
547 582 694 619 cortice
716 595 880 619 carmen
900 581 1026 618 habes

155 654 235 682 CUM
250 654 258 662 ·
274 653 383 680 PARIS
398 654 405 661 ·
419 654 573 681 OENONE
589 654 596 661 ·
611 654 795 681 POTERIT·
812 654 973 680 spumas
990 653 997 660 ·
1012 653 1175 679 RELICTA

208 716 259 742 AD
272 715 280 723 ·
295 715 450 742 FONTEM
466 717 473 723 ·
488 716 636 742 XANTHI
651 716 658 723 ·
672 716 796 742 VERSA
810 715 817 723 ·
832 715 1038 742 REOURRET
1053 715 1060 722 ·
1073 714 1187 746 AQUA.

156 765 334 811 Xanthe‚
349 771 457 804 retro
472 780 656 817 propera,
685 779 898 815 versaeque
915 765 1104 803 recurrite
1120 764 1322 816 lymphae!

211 827 398 865 Sustinet
419 826 611 866 Oenonen
631 827 857 866 deseruisse
879 827 1008 865 Paris.
1271 825 1323 864 30

657 981 719 1032 (b)

158 1075 236 1113 Illa
256 1075 341 1113 dies
362 1075 495 1113 fatum
515 1076 686 1113 miserae
706 1076 809 1112 mihi
833 1076 950 1121 dixit,
968 1076 1018 1113 ab
1038 1075 1111 1113 illa

211 1137 395 1174 Pessima
412 1137 564 1174 mutati
585 1137 717 1187 coepit
737 1137 885 1174 amoris
907 1138 1050 1182 hiems,

157 1199 249 1245 Qua
267 1197 409 1235 Venus
430 1202 471 1236 et
492 1199 593 1236 Iuno
613 1198 869 1249 sumptisque
890 1198 1098 1236 decentior
1117 1199 1241 1236 armis

209 1258 338 1297 Venit
357 1260 401 1296 in
421 1260 638 1297 arbitrium
659 1260 755 1297 diva
775 1260 963 1297 Minerva
982 1264 1112 1298 tuum.

156 1320 339 1358 Attoniti
359 1321 534 1358 micuere
555 1321 680 1367 sinus,
701 1322 939 1372 gelidusque
961 1322 1152 1368 cucurrit,
1297 1322 1321 1359 5

210 1382 271 1420 Ut
290 1382 393 1419 mihi
413 1383 601 1428 narrasti,
623 1383 727 1420 dura
744 1397 820 1433 per
837 1397 929 1421 ossa
948 1388 1121 1429 tremor;

157 1442 356 1481 Consului
381 1452 527 1494 (neque
547 1445 655 1481 enim
675 1445 830 1482 modice
851 1445 1052 1487 terrebar)
1077 1458 1257 1495 anusque

211 1505 527 1555 Longaevosque
548 1519 661 1543 senes
677 1523 683 1543 :
715 1506 902 1544 constitit
921 1520 1007 1544 esse
1026 1508 1154 1544 nefas.

157 1565 287 1604 Caesa
306 1567 429 1611 abies,
451 1570 661 1617 sectaeque
683 1567 830 1613 trabes,
851 1572 892 1605 et
912 1569 1039 1606 classe
1059 1572 1206 1618 parata

211 1628 387 1666 Caerula
407 1632 562 1666 ceratas
583 1629 733 1679 accipit
751 1630 862 1667 unda
882 1634 1002 1667 rates,
1273 1630 1323 1668 10

157 1690 287 1728 Flesti
307 1691 516 1728 discedens
534 1707 540 1727 :
573 1690 648 1728 hoc
667 1691 806 1728 saltim
825 1705 945 1742 parce
966 1692 1136 1742 negare!

211 1752 438 1789 Praeterito
459 1752 588 1802 magis
610 1756 672 1789 est
691 1752 768 1790 iste
788 1753 1002 1803 pudendus
1023 1767 1145 1791 amor.

157 1812 213 1850 Et
231 1813 337 1850 flesti
357 1817 398 1850 et
418 1817 576 1850 nostros
597 1813 739 1851 vidisti
758 1815 892 1851 flentis
913 1815 1060 1852 ocellos
1079 1831 1086 1852 :

210 1874 451 1912 Miscuimus
472 1875 659 1912 lacrimas
679 1879 858 1913 maestus
879 1880 1049 1926 uterque
1070 1890 1162 1914 suas
1180 1892 1188 1923 3

155 1935 250 1974 Non
269 1937 327 1974 sic
346 1936 544 1987 appositis
566 1936 746 1974 vincitur
764 1937 919 1975 vitibus
940 1938 1088 1983 ulmus,
1272 1938 1321 1976 ‚15

210 1998 270 2035 Ut
289 2002 361 2035 tua
380 2002 476 2034 sunt
495 1997 596 2035 eollo
616 1997 785 2036 brachia
803 2012 909 2036 nexa
927 2013 1027 2037 meo.

157 2059 216 2097 A!
246 2059 444 2109 quotiens,
465 2072 557 2096 cum
578 2063 617 2096 te
637 2064 759 2097 vento
779 2073 991 2110 quererere
1011 2062 1152 2107 teneri,

210 2120 407 2158 Riserunt
427 2120 593 2158 comites
618 2120 707 2169 (ille
727 2122 927 2159 secundus
948 2123 1055 2171 erat)
1075 2138 1084 2169 3

157 2181 309 2221 Oscula
328 2182 518 2219 dimissae
539 2182 725 2232 quotiens
745 2183 921 2233 repetita
941 2183 1112 2229 dedisti3

211 2243 343 2292 Quam
362 2243 433 2281 vix
451 2243 650 2281 sustinuit
669 2243 801 2281 dicere
821 2244 964 2293 lingua
984 2248 1005 2263 “
1019 2245 1123 2283 Vale
1138 2244 1183 2283 ”1
1267 2245 1319 2283 20
