1491 2390
123 736 186 778 272

553 89 709 116 STORIES
739 89 843 116 FROM
873 87 976 115 OVID.

232 192 323 240 Qua
341 194 462 244 fugit,
483 193 666 231 incendit
686 192 856 229 vestitos
877 191 1076 229 messibus
1098 203 1239 241 agros;
1344 189 1394 228 25

285 255 502 292 Damnosis
524 255 630 291 vires
651 253 816 303 ignibus
837 266 937 290 aura
957 251 1092 289 dabat.

231 315 403 352 Factum
433 315 547 359 abiit,
583 314 833 351 monimenta
870 318 1047 350 manent.
1105 325 1202 349 nam
1239 312 1396 350 deicere

338 381 501 426 captam

284 437 403 474 Nunc
423 450 581 486 quoque
600 437 666 474 lex
686 436 848 486 volpem
869 434 1117 472 Carseolana
1135 438 1261 481 vetat,

231 498 369 547 thue
390 499 478 535 luat
497 511 659 548 poenas,
680 511 780 547 gens
802 497 901 534 haec
922 495 1152 534 Cerialibus
1172 496 1311 542 ardet3

285 557 452 608 Quoque
473 559 590 595 modo
612 564 768 607 segetes
789 558 980 608 perdidit,
1002 558 1094 608 ipsa
1111 556 1257 608 perit.”
1345 555 1398 594 30

313 673 408 709 'l'he
438 673 618 718 Legend
648 672 698 707 of
718 672 800 708 the
828 673 974 709 Kame
1002 672 1053 708 of
1075 671 1216 707 Tomi.

230 738 312 777 Hic
331 752 489 788 quoque
509 743 606 776 sunt
635 739 766 789 igitur
799 739 1094 788 Graiae—quis
1125 738 1308 776 crederet
1325 736 1400 776 ⁶?—

337 801 458 838 urbes

287 862 402 899 Inter
420 863 667 900 inhumanae
687 864 853 900 nomina
872 863 1086 900 barbariae
1103 879 1111 909 ;

234 923 328 961 Huc
348 938 505 973 quoque
527 925 669 962 Mileto
689 925 804 962 missi
825 938 970 962 venere
991 925 1133 969 coloni,

288 985 416 1033 Inque
438 985 554 1022 Getis
576 985 721 1023 Graias
743 986 990 1023 constituere
1010 986 1160 1022 domos.

235 1045 316 1084 Sed
336 1052 452 1084 vetus
474 1047 570 1084 huic
589 1061 737 1084 nomen
756 1047 969 1097 positaque
989 1047 1198 1096 antiquius
1218 1045 1320 1084 urbe
1374 1046 1398 1083 5

288 1107 460 1146 Constat
480 1109 531 1146 ab
550 1109 724 1159 Absyrti
745 1109 865 1146 caede
880 1109 1008 1146 fuisse
1030 1109 1125 1146 loco.

233 1169 341 1207 Nam
361 1175 460 1216 rate,
482 1184 584 1220 quae
605 1184 702 1208 cura
721 1171 919 1221 pugnacis
940 1171 1050 1208 facta
1070 1171 1279 1208 Minervae

288 1232 366 1269 Per
385 1246 466 1270 non
485 1236 708 1283 temptatas
729 1233 864 1283 prima
882 1233 1063 1270 cucurrit
1083 1245 1221 1282 aquas,

232 1294 366 1344 Impia
387 1295 593 1332 desertum
612 1295 775 1344 fugiens
798 1294 942 1332 Medea
961 1298 1174 1345 parentem

287 1355 452 1392 Dicitur
470 1355 534 1392 his
555 1369 686 1392 remos
708 1356 955 1406 applicuisse
975 1356 1103 1393 vadis.
1350 1354 1400 1393 lO

231 1415 362 1464 Quem
383 1417 524 1468 procul
544 1422 591 1454 ut
611 1417 716 1454 vidit
738 1418 895 1455 tumulo
916 1418 1148 1468 speculator
1166 1418 1217 1455 ab
1238 1417 1333 1461 alto,

289 1482 310 1496 “
330 1478 527 1529 Hospes‚’'
549 1479 607 1515 ait
629 1481 650 1497 ‘⁶
667 1492 798 1523 nosce,
821 1477 1027 1523 Colchide,
1049 1479 1150 1523 vela,
1173 1479 1284 1516 venit
1301 1479 1307 1516 !
1324 1478 1345 1492 ”

232 1539 343 1576 Dum
364 1540 574 1589 trepidant
595 1539 771 1589 Minyae,
794 1540 891 1576 dum
912 1539 1087 1577 solvitur
1106 1553 1254 1589 aggere
1274 1540 1398 1586 funis,

288 1600 396 1637 Dum
417 1601 604 1649 sequitur
622 1601 770 1638 celeres
791 1614 938 1638 ancora
958 1604 1090 1638 tracta
1109 1614 1265 1646 manus,

231 1660 406 1699 Conscia
425 1663 627 1711 percussit
647 1662 886 1699 meritorum
907 1667 1071 1713 pectora
1092 1662 1254 1700 Colchis
1350 1663 1398 1701 15

286 1723 398 1760 Ausa
419 1728 540 1772 atque
562 1736 711 1760 ausura
730 1723 863 1760 multa
882 1723 1059 1761 nefanda
1078 1737 1201 1761 manu
1218 1740 1226 1769 3

235 1784 299 1828 Et,
321 1798 567 1834 quamquam
589 1790 774 1835 superest
795 1785 938 1835 ingens
960 1785 1131 1823 audacia
1151 1785 1289 1832 menti,

286 1845 424 1882 Pallor
444 1846 486 1882 in
507 1846 706 1883 attonitae
727 1847 899 1896 virginis
920 1860 988 1884 ore
1007 1847 1100 1883 fuit.

233 1906 340 1956 Ergo
362 1907 431 1943 ubi
451 1908 662 1958 prospexit
683 1908 889 1946 venientia
909 1908 1010 1953 vela,
1034 1912 1055 1926 ‘⁴
1072 1908 1284 1955 Tenemur,

287 1967 339 2004 Et
361 1975 478 2018 pater
497 1973 559 2006 est
580 1969 717 2018 aliqua
736 1969 880 2007 fraude
901 1970 1119 2007 morandus
1138 1969 1159 1983 ''
1180 1971 1249 2007 ait.
1346 1971 1397 2010 20

231 2029 353 2071 Dum,
363 2030 461 2079 quid
475 2035 581 2079 agat,
592 2031 763 2080 quaerit,
773 2031 870 2068 dum
885 2036 1020 2069 versat
1036 2032 1078 2068 in
1093 2032 1229 2069 omnia
1242 2033 1394 2080 vultus,

285 2091 350 2128 Ad
372 2092 540 2128 fratrem
562 2106 657 2129 casu
680 2093 835 2130 lumina
855 2093 957 2130 flexa
979 2093 1086 2131 tulit.

232 2151 359 2191 Cuius
383 2157 426 2189 ut
446 2153 584 2191 oblata
604 2161 665 2191 est*
687 2155 928 2205 praesentia,
951 2163 972 2173 ‘⁸
989 2155 1174 2193 Vicimus
1192 2155 1213 2169 ”
1234 2155 1393 2206 inquit:

286 2214 398 2251 “Hic
420 2215 519 2251 mihi
543 2220 672 2252 morte
692 2229 766 2253 sua
786 2230 907 2254 causa
927 2217 1072 2254 salutis
1092 2215 1208 2254 erit.’‘
