1491 2390
16 688 72 730 67.

385 101 462 129 THE
492 102 612 130 sTORY
641 101 688 128 or
716 91 936 129 ΡΗΑὲτΗοΝ.
1245 90 1293 128 75

124 205 180 243 Et
200 205 325 243 vetito
344 205 502 243 frustra
522 209 779 255 temptarunt
798 218 972 255 aequore
995 204 1141 254 tingui.

124 265 316 316 Quaeque
339 267 426 316 polo
444 268 577 317 posita
591 271 654 305 est
668 267 831 317 glaciali
852 266 1038 315 proxima
1055 264 1240 314 Serpens,

125 328 290 378 Frigore
312 329 427 378 pigra
449 329 560 378 prius
580 341 653 366 nec
672 327 945 365 formidabilis
968 327 1053 371 ulli,
1247 325 1294 363 25

123 389 302 426 Incaluit
321 391 576 439 sumpsitque
596 402 721 427 novas
741 389 971 426 fervoribus
994 389 1088 425 iras.

123 449 179 488 Te
198 463 355 500 quoque
375 451 590 488 turbatum
612 455 839 488 memorant
858 450 1028 495 fugisse,
1050 449 1191 490 Boote.

122 509 320 558 Quamvis
340 512 483 549 tardus
503 525 592 549 eras
612 516 653 549 et
672 519 712 549 te
733 516 805 549 tua
824 512 1014 561 plaustra
1032 510 1239 548 tenebant.

621 621 678 671 (ο.)

123 691 424 742 Exspatiantur
443 694 546 742 equi,
567 691 759 741 nulloque
779 691 992 728 inhibente
1014 705 1088 741 per
1108 703 1228 728 auras

123 753 294 803 Ignotae
315 753 491 803 regionis
512 756 621 798 eunt,
643 766 802 803 quaque
822 753 1002 803 impetus
1024 752 1120 802 egit,

124 816 214 854 Hac
234 817 320 853 sine
342 817 429 866 lege
451 820 587 861 ruunt,
610 817 772 866 altoque
793 817 869 854 sub
887 817 1051 854 aethere
1073 817 1164 853 fixis

123 878 342 915 Incursant
362 878 503 923 stellis,
525 878 771 928 rapiuntque
791 892 864 929 per
886 879 979 916 avia
1007 891 1184 915 currum.

124 939 177 976 Et
198 939 316 976 modo
336 952 495 976 summa
517 944 673 988 petunt,
686 940 806 977 modo
827 953 900 990 per
916 940 1072 977 declive
1086 940 1254 990 viasque
1270 941 1294 977 5

126 999 377 1049 Praecipites
398 1000 530 1050 spatio
552 1005 684 1038 terrae
703 1002 893 1052 propiore
913 1001 1115 1038 feruntur.

125 1061 382 1112 Inferiusque
402 1062 486 1099 suis
506 1062 709 1100 fraternos
731 1076 892 1101 currere
915 1063 1032 1100 Luna

122 1123 368 1160 Admiratur
386 1136 518 1173 equos,
540 1124 809 1174 ambustaque
830 1124 973 1161 nubila
993 1124 1168 1162 fumant.

125 1183 358 1234 Corripitur
376 1184 549 1222 flammis
571 1191 618 1222 ut
638 1198 819 1235 quaeque
840 1185 1045 1223 altissima
1064 1186 1200 1231 tellus,

124 1245 319 1295 Fissaque
340 1246 427 1296 agit
447 1246 571 1284 rimas
593 1252 634 1284 et
653 1247 761 1284 sucis
783 1251 871 1285 aret
892 1247 1105 1297 ademptis.
1245 1248 1297 1286 10

125 1306 283 1344 Pabula
304 1312 534 1353 canescunt,
557 1321 646 1345 cum
669 1308 883 1346 frondibus
904 1308 1041 1345 uritur
1060 1308 1192 1353 arbor,

124 1368 422 1418 Materiamque
443 1382 514 1406 suo
535 1369 703 1419 praebet
724 1383 837 1420 seges
860 1370 975 1407 arida
996 1370 1154 1407 damno.

125 1429 259 1467 Parva
272 1443 418 1480 queror
433 1444 441 1465 ε
461 1443 632 1481 magnae
646 1440 817 1481 pereunt
831 1445 923 1469 cum
936 1431 1147 1468 moenibus
1160 1431 1294 1478 urbes,

125 1489 308 1541 Cumque
329 1491 413 1530 suis
435 1495 541 1529 totas
563 1492 724 1542 populis
747 1493 936 1530 incendia
955 1497 1097 1543 gentes

125 1551 174 1589 In
187 1553 362 1590 cinerem
378 1557 555 1590 vertunt.
586 1552 723 1591 Silvae
737 1567 830 1591 cum
846 1554 1054 1591 montibus
1072 1554 1228 1599 ardent,
1244 1553 1294 1592 15

122 1613 254 1651 Ardet
274 1614 407 1651 Athos
430 1614 668 1665 Taurusque
690 1614 801 1653 Cilix
821 1620 861 1653 et
883 1615 1049 1652 Tmolus
1071 1620 1111 1652 et
1133 1614 1234 1653 Oete

125 1675 179 1712 Et
201 1680 290 1712 tum
311 1676 428 1721 sicca,
451 1676 564 1726 prius
586 1676 832 1714 creberrima
852 1676 1036 1714 fontibus
1059 1677 1141 1721 Ide,

124 1735 209 1774 Nec
224 1742 399 1787 prosunt-
418 1736 611 1787 Scythiae
633 1751 706 1775 sua
727 1738 902 1788 frigora:
936 1737 1142 1775 Caucasus
1164 1738 1294 1783 ardet,

128 1797 309 1849 Ossaque
331 1813 422 1836 cum
446 1799 576 1836 Pindo
593 1800 801 1850 maiorque
823 1800 1018 1837 ambobus
1041 1798 1254 1850 Olympus,

124 1859 350 1909 Aeriaeque
371 1860 496 1910 Alpes
517 1865 557 1898 et
577 1861 743 1898 nubifer
762 1861 1045 1912 Appenninus.
1241 1860 1295 1899 20

125 1919 231 1957 Tum
251 1934 345 1958 vero
369 1920 582 1959 Pha22th0n
602 1923 759 1960 cunctis
788 1936 808 1960 e
829 1923 1016 1972 partibus
1037 1922 1176 1960 orbem

124 1982 288 2033 Aspicit
308 1995 520 2020 accensum
540 1996 613 2021 nec
634 1988 769 2021 tantos
791 1984 967 2021 sustinet
984 1989 1132 2029 aestus,

126 2043 426 2094 Ferventesque
446 2058 566 2082 auras
586 2045 699 2083 velut
720 2059 741 2083 e
761 2045 925 2083 fornace
947 2045 1151 2097 profunda

127 2104 207 2143 Ore
227 2105 368 2151 trahit,
391 2119 612 2156 currusque
633 2120 725 2144 suos
747 2107 986 2145 candescere
1008 2107 1158 2152 sentit3

127 2165 181 2203 Et
199 2181 328 2217 neque
348 2167 430 2204 iam
450 2168 602 2205 cineres
624 2168 918 2219 eiectatamque
939 2168 1126 2206 favillam
1242 2168 1292 2205 25

129 2227 250 2266 Ferre
270 2233 416 2279 potest,
430 2229 639 2280 calidoque
659 2230 886 2267 involvitur
906 2230 1084 2280 undique
1099 2230 1223 2275 fumo,
