1491 2390
115 95 170 134 66
447 134 453 137 ,
546 108 702 135 STORIES
731 107 835 134 FROM
865 107 968 134 ovn).

410 209 522 246 New
548 208 709 245 Year's
740 208 838 253 Day
863 207 913 243 in
941 207 1094 245 Rome.

106 273 178 313 -56-
227 276 324 313 Iane
345 276 494 326 biceps,
517 276 613 313 anni
634 276 757 313 tacite
779 275 954 312 labentis
975 276 1100 326 origo,

282 336 400 374 Solus
421 338 470 374 de
490 337 648 386 superis
669 336 738 385 qui
758 340 830 373 tua
849 340 966 386 terga
984 337 1110 382 vides,

224 398 381 436 Dexter
399 399 494 435 ades
515 398 698 442 ducibus,
719 410 890 446 quorum
911 411 1053 435 secuxa
1072 398 1208 437 labore

279 459 376 497 Otia
390 464 499 497 terra
519 460 645 503 serait,
667 459 750 495 otia
770 463 918 508 pontus
939 459 1065 497 habet
1082 476 1088 496 :
1403 501 1406 503 Α

224 520 380 558 Dextes
399 521 493 557 ades
514 520 781 570 patribusque
803 521 884 557 tuis
906 521 1136 571 populoque
1159 519 1335 568 Quirini,
1369 522 1393 559 5

279 583 333 619 Et
353 595 487 620 resera
507 586 611 618 nutu
631 581 805 618 candida
825 582 980 632 templa
1001 586 1081 619 tuo.

225 643 424 694 Prospera
444 644 515 680 lux
535 643 675 680 oritur.
741 642 911 692 Linguis
935 643 1160 693 animisque
1180 643 1339 682 favete!

274 705 394 742 Nunc
414 705 585 742 dicenda
609 706 710 741 bona
730 707 826 741 sunt
850 703 952 740 bona
973 705 1097 741 verba
1117 705 1194 742 die.

222 767 313 804 Lite
333 772 479 804 vacent
499 780 627 811 aures,
644 766 868 815 insanaque
889 766 1076 816 protinus
1098 766 1235 803 absint

275 829 440 879 Iurgia3
472 828 592 865 differ
611 841 724 878 opus,
747 828 876 864 livida
896 827 1029 871 turba,
1051 832 1180 865 tuum.
1345 828 1396 866 10

223 889 378 935 Cernis,
400 890 578 927 odoratis
601 894 647 926 ut
668 889 803 926 luceat
824 888 988 938 ignibus
1011 888 1163 934 aether,

275 952 329 988 Et
349 958 463 989 sonet
483 951 660 988 accensis
681 950 793 1000 spica
814 949 961 987 Cilissa
981 949 1081 987 focis
1100 948 1118 987 P

222 1013 409 1050 Flamma
428 1013 560 1050 nitore
581 1025 652 1049 suo
673 1012 919 1062 templorum
942 1011 1130 1049 verberat
1151 1025 1309 1059 aurum,

275 1075 329 1112 Et
349 1075 569 1112 tremulum
589 1087 748 1110 summa
768 1073 926 1124 spargit
949 1073 991 1109 in
1012 1073 1109 1111 aede
1130 1073 1259 1111 iubar.

218 1135 418 1173 Vestibus
434 1136 599 1172 intactis
622 1135 816 1185 Tarpeias
837 1135 922 1172 itur
941 1135 983 1171 in
1005 1148 1127 1180 arces,
1345 1136 1394 1173 15

276 1198 330 1234 Et
351 1198 524 1248 populus
545 1197 650 1234 festo
672 1197 857 1233 concolor
877 1196 963 1246 ipse
985 1209 1057 1233 suo
1077 1205 1150 1233 est.

222 1259 390 1309 Iamque
411 1259 506 1296 novi
527 1264 722 1308 praeeunt
745 1258 887 1302 fasces,
910 1271 1015 1294 nova
1035 1271 1219 1308 purpura
1238 1258 1384 1309 fulget,

276 1321 329 1358 Et
351 1334 455 1358 nova
475 1320 739 1370 conspicuum
762 1320 940 1370 pondera
961 1319 1086 1356 sentit
1107 1319 1219 1356 ebur.

222 1382 337 1420 Colla
358 1383 478 1420 rudes
498 1396 667 1432 operum
688 1381 883 1432 praebent
904 1380 1089 1418 ferienda
1115 1381 1288 1427 iuvenci5

275 1444 384 1491 Quos
405 1445 507 1482 aluit
529 1445 683 1494 campis
706 1443 831 1481 herba
852 1442 1011 1480 Falisca
1031 1443 1128 1479 suis.
1345 1443 1395 1482 20

222 1506 410 1556 Iuppiter
430 1519 520 1543 arce
541 1519 615 1543 sua
635 1511 766 1542 totum
789 1517 880 1541 cum
902 1507 1059 1553 spectet
1080 1504 1122 1541 in
1142 1504 1293 1550 orbem,

275 1567 345 1604 Nil
366 1568 445 1604 nisi
467 1567 710 1606 Romanum.
728 1566 835 1616 quod
852 1569 1028 1610 tueatur,
1045 1565 1180 1603 habet.

225 1628 357 1668 Salve.
381 1629 487 1666 laeta
509 1629 606 1674 dies,
628 1629 850 1678 meliorque
872 1632 1075 1666 revertere
1095 1640 1266 1678 semper,

275 1691 312 1727 A
333 1691 482 1741 populo
502 1704 638 1728 rerum
659 1691 783 1740 (ligna
804 1696 970 1741 potente
991 1690 1078 1727 coli.

180 1803 295 1839 How
328 1803 549 1839 Romulus
582 1804 671 1839 and
706 1806 878 1842 Remus
910 1814 1030 1841 were
1061 1803 1232 1840 nux-sed
1263 1802 1324 1850 by

633 1868 713 1903 the
734 1867 865 1902 Wolf.

111 1926 175 1966 57.
225 1927 354 1964 Silvia
376 1927 556 1965 Vestalis
578 1929 765 1967 caelestia
789 1929 943 1966 semina
964 1932 1085 1979 partu

278 1990 483 2032 Ediderat,
507 1996 652 2041 patruo
675 2006 799 2042 regna
822 1996 985 2029 tenente
1006 2005 1089 2029 suo.

223 2051 262 2086 Is
285 2051 393 2088 iulwt
417 2053 568 2089 auferri
591 2067 736 2103 parvos
758 2058 799 2091 et
820 2054 861 2091 iu
883 2068 999 2091 amne
1021 2054 1167 2092 necari.

278 2113 405 2161 (Quid
428 2114 561 2151 facis?
613 2115 671 2151 Ex
694 2115 783 2152 istis
808 2116 1007 2153 Romulus
1029 2116 1134 2153 alter
1154 2116 1232 2154 erit
1250 2115 1282 2163 !)

220 2174 339 2212 Iussa
359 2183 590 2213 recusantes
612 2181 813 2226 pei-agunt
836 2178 1050 2215 lacrimosa
1069 2177 1260 2219 ministri,
1369 2175 1395 2216 5

277 2237 395 2274 Flent
417 2242 565 2278 tamen,
587 2243 627 2275 et
647 2239 830 2285 geminos
851 2239 894 2276 in
915 2239 1002 2277 loca
1022 2240 1134 2277 iussa
1152 2240 1303 2277 ferunt.
