1491 2390
572 107 740 135 onxoxn.
1242 100 1293 139 65

130 210 316 262 Denique
337 215 451 249 tutus
468 225 582 249 amor
599 225 712 250 meus
732 215 816 249 est:
847 212 924 249 tibi
943 212 1057 250 nulla
1076 216 1278 264 parantur

183 272 311 318 Bella,
332 284 404 310 nec
425 273 590 310 ultrices
611 273 779 311 advehit
798 274 909 311 unda
928 278 1048 311 rates.

131 334 332 385 Tyndaris
353 335 513 372 infestis
534 336 713 386 fugitiva
732 336 960 386 reposcitur
980 336 1126 374 armis:

183 395 274 433 Hae
293 396 405 433 venit
427 397 469 433 in
489 397 689 435 thalamos
710 397 802 435 dote
823 398 999 447 superba
1018 402 1122 436 tuos.
1240 396 1295 437 30

626 519 690 569 (d)

23 602 84 644 55.
125 604 211 642 Nec
230 605 320 646 tibi,
342 605 376 642 si
396 606 542 656 sapias,
564 606 685 643 fidam
705 606 900 657 promitte
921 605 1162 652 Lacaenam,

181 665 295 712 Quae
315 667 369 703 sit
390 667 432 704 in
453 668 664 717 amplexus
686 675 766 704 tan}
795 667 874 704 cito
895 680 1013 704 versa
1033 672 1124 703 tuos
1143 667 1150 704 l

129 727 187 766 Ut
209 728 343 765 minor
361 724 528 766 Atrides
549 730 737 767 temerati
756 730 921 766 foedera
942 729 1038 767 lecti

183 789 346 828 Clamat
365 794 405 827 et
425 796 592 829 externo
612 791 745 829 laesus
767 805 901 828 amore
923 791 1044 836 dolet,

129 851 192 889 Tu
212 866 368 902 quoque
390 853 583 890 clamabis
601 870 608 890 z
639 853 752 890 nulla
772 853 1014 903 reparabilis
1037 856 1124 890 arte
1265 852 1294 891 5

183 913 309 951 Laesa
333 915 529 963 pudicitia
549 919 610 952 est
628 931 634 951 :
666 915 822 964 deperit
844 915 915 951 illa
935 914 1070 952 semel.

128 975 244 1012 Felix
265 976 562 1021 Andromache,
584 985 692 1014 certo
713 976 812 1013 bene
834 984 963 1026 nupta
984 975 1154 1014 marito!

182 1036 299 1074 Uxor
318 1037 369 1074 ad
389 1038 620 1088 exemplum
639 1038 781 1075 fratris
802 1038 989 1075 habenda
1009 1038 1071 1074 fui
1088 1054 1096 1084 3

129 1097 189 1135 Tu
211 1098 340 1136 levior
357 1099 479 1144 foliis,
502 1104 591 1136 tum
610 1113 701 1137 cum
722 1100 808 1137 sine
828 1100 1006 1150 pondere
1028 1100 1114 1137 suoi

182 1159 404 1198 Mobilibus
425 1161 558 1199 ventis
580 1161 694 1199 arida
713 1162 822 1199 facta
843 1162 983 1199 volant
1001 1177 1009 1206 ;
1244 1160 1294 1200 10

130 1221 183 1259 Et
203 1222 338 1259 minus
359 1226 420 1260 est
440 1223 483 1259 in
502 1227 542 1260 te
563 1237 684 1273 quam
705 1236 863 1261 summa
884 1224 1042 1274 pondus
1064 1224 1203 1269 arista,

183 1282 296 1330 Quae
316 1284 417 1322 levis
439 1285 612 1322 assiduis
634 1285 787 1322 solibus
808 1291 901 1322 usta
921 1286 1039 1335 riget.

129 1343 219 1382 Hoc
240 1353 312 1382 tua
335 1346 448 1395 (nam
469 1346 618 1394 recolo)
642 1347 846 1397 quondam
867 1360 1063 1397 germana
1082 1346 1267 1392 canebat,

184 1405 251 1444 Sic
270 1407 372 1444 mihi
393 1408 552 1445 diffusis
574 1408 799 1446 vaticinata
815 1409 938 1446 comis
957 1425 964 1446 ε

129 1470 152 1487 “
169 1467 280 1516 Quid
325 1470 439 1513 faci&
489 1469 652 1508 Oenone
669 1469 686 1507 ,⁷³
757 1468 866 1516 Quid
912 1470 1090 1508 harenae
1137 1470 1295 1507 semina

286 1531 456 1569 mandas
476 1530 493 1569 Ρ
1244 1532 1295 1568 15

180 1592 274 1630 Non
292 1593 537 1644 profecturis
558 1593 679 1632 litora
697 1594 830 1632 bubus
852 1607 954 1632 aras.

128 1653 254 1693 Graia-
270 1655 441 1693 iuvenca
457 1655 582 1699 venit,
597 1669 699 1705 quae
719 1660 759 1693 te
775 1656 1032 1706 patriamque
1049 1655 1297 1706 domumque

182 1715 332 1754 Perdat
349 1717 356 1754 l
387 1717 431 1753 Io
450 1717 456 1754 ῐ
488 1717 663 1754 Prohibe
681 1717 687 1754 !
719 1717 845 1755 Graia
865 1717 1038 1754 iuvenca
1057 1717 1171 1754 venit
1189 1716 1196 1754 !

128 1777 239 1815 Dum
260 1778 366 1822 licet,
388 1778 602 1816 obscenam
622 1782 747 1829 ponto
768 1779 991 1829 demergite
1011 1778 1207 1829 puppim!

179 1839 275 1877 Heu
289 1840 295 1877 ἶ
318 1843 516 1890 quantum
531 1839 703 1890 Phrygii
717 1840 929 1890 sanguinis
950 1840 1023 1877 illa
1042 1839 1159 1877 vehit
1176 1839 1189 1876 Υ
1203 1838 1225 1853 ”
1241 1836 1294 1877 20

129 1900 303 1939 Dixerat
320 1918 328 1947 ;
358 1902 401 1938 in
421 1915 542 1939 cursu
561 1901 740 1939 famulae
759 1915 931 1952 rapuere
950 1902 1172 1948 furentem,

179 1964 238 2001 At
257 1964 361 2000 mihi
379 1963 573 2001 flaventes
595 1963 798 2013 diriguere
819 1976 966 2000 comae.

128 2025 188 2063 A!
218 2026 392 2063 nimium
412 2026 583 2063 miserae
603 2029 717 2062 vates
738 2024 841 2061 mihi
861 2037 957 2062 vera
977 2023 1122 2062 fuisti:

180 2086 378 2133 Possidet,
400 2101 460 2132 en,
482 2087 611 2124 saltus
633 2085 759 2124 Graia
778 2086 950 2124 iuvenca
970 2097 1093 2124 meos.

183 2306 234 2352 (M
254 2307 299 2348 4)
630 2316 651 2341 s
