1491 2390
1261 122 1282 157 Cn

576 131 601 157 A
628 130 786 157 LETTER.
1287 121 1311 158 9

145 235 297 276 Clausa
317 236 435 274 domo
455 240 596 274 teneor
613 236 889 286 gravibusque
909 237 1083 274 coercita
1104 237 1250 275 vinclis
1266 253 1276 283 ;

199 298 273 334 Est
292 298 396 334 mihi
417 298 609 348 supplicii
630 311 762 342 causa,
784 298 912 335 fuisse
931 299 1054 348 piam.

144 357 264 406 Quod
282 372 425 396 manus
446 359 636 396 extimuit
656 359 795 409 iugulo
816 360 1030 396 demittere
1049 360 1217 405 ferrum,
1286 361 1308 397 5

199 420 300 458 Sum
319 433 410 457 rea:
441 420 642 465 laudarer,
664 421 698 457 si
719 420 849 458 scelus
872 434 969 458 ausa
990 421 1130 458 forem.

145 481 245 521 Esse
264 495 375 519 ream
396 486 590 532 praestat,
611 495 733 532 quam
753 482 810 519 sic
830 482 1032 532 placuisse
1053 483 1239 533 parenti3

197 543 291 581 Non
310 543 423 594 piget
443 543 644 580 immunes
665 544 798 581 caedis
820 543 969 581 habere
989 557 1145 582 manus.

145 604 212 643 Me
233 613 350 656 pater
369 605 462 654 igne
483 605 589 649 licet,
612 618 731 654 quem
751 618 832 642 non
852 605 1109 651 violavimus,
1132 610 1235 652 urat,

199 665 390 715 Quaeque
412 666 582 703 aderant
602 666 739 711 sacris,
761 666 903 704 tendat
922 666 967 703 in
985 680 1056 704 ora
1074 667 1182 704 faces
1201 683 1209 713 ;
1256 667 1307 705 10

145 727 231 765 Aut
252 727 322 764 illo
344 727 513 777 iugulet,
535 740 655 776 quem
674 741 755 765 non
774 728 876 765 bene
898 728 1069 765 tradidit
1091 742 1240 774 ensem,

198 789 269 829 Ut.
291 802 369 838 qua
389 802 470 826 non
490 789 635 826 cecidit
654 789 719 826 vir
737 803 845 834 nece,
866 794 997 839 nupta
1017 790 1182 827 cadam:

144 849 238 887 Non
259 857 408 892 tamen,
429 858 473 886 ut
495 850 633 886 dicant
653 850 870 887 morientia
891 842 912 868 ‘⁵‘
931 850 1120 888 Paenitet
1138 850 1159 865 ”
1181 864 1251 889 ora

199 911 377 948 Efficiet:
407 924 489 948 non
509 915 581 956 est,
603 925 725 961 quam
744 911 858 962 piget
879 925 965 949 esse
986 912 1096 962 piam
1113 928 1121 957 ;

146 972 361 1010 Paeniteat
381 972 542 1010 sceleris
564 972 754 1010 Danaum
774 986 994 1023 saevasque
1016 987 1192 1011 sorores:
1260 975 1307 1012 15

199 1034 280 1072 Hic
299 1034 402 1071 solet
421 1038 590 1072 eventus
610 1034 721 1071 facta
741 1034 919 1072 nefanda
939 1035 1063 1084 sequi.

146 1094 228 1134 Cor
245 1099 368 1146 pavet
388 1095 600 1133 admonitu
619 1100 841 1133 temeratae
861 1097 1059 1146 sanguine
1078 1097 1222 1142 noctis,

199 1157 253 1194 Et
273 1157 431 1194 subitus
453 1157 620 1195 dextrae
640 1157 854 1208 praepedit
873 1171 965 1195 ossa
985 1162 1148 1195 tremor.

646 1266 706 1316 (b)

146 1343 278 1392 Quam
297 1348 345 1382 tu
365 1344 484 1383 caede
503 1348 623 1395 putes
642 1344 761 1394 fungi
781 1344 963 1395 potuisse
983 1345 1135 1391 mariti,

199 1405 382 1444 Scribere
403 1407 452 1444 de
471 1406 581 1443 facta
600 1419 681 1444 11011
702 1406 780 1443 sibi
800 1407 920 1444 caede
940 1406 1070 1444 timet.

1254 882 1263 897 ἲ

146 1466 227 1506 Sed
268 1472 405 1506 tamen
452 1467 660 1518 experiar!
681 1489 733 1494 —
752 1468 871 1505 modo
917 1467 1029 1505 facta
1070 1467 1309 1519 crepuscula

303 1530 434 1572 terris,

195 1590 356 1629 Ultima
376 1605 470 1641 pars
492 1591 593 1629 lucis
614 1590 826 1641 primaque
846 1591 976 1628 noctis
998 1594 1109 1628 erat:

143 1650 345 1690 Ducimur
364 1653 579 1690 Inachides
600 1652 740 1702 magni
760 1651 834 1688 sub
856 1656 965 1689 tecta
985 1651 1162 1702 Pelasgi,
1283 1651 1309 1689 5

196 1713 251 1750 Et
270 1727 383 1751 socer
402 1718 579 1751 armatas
601 1713 751 1763 accipit
770 1713 857 1763 ipse
877 1726 1016 1750 nurus.

142 1773 336 1825 Undique
356 1773 558 1812 collucent
578 1774 834 1825 praecinctae
855 1773 1063 1824 lampades
1084 1787 1183 1812 auro
1200 1789 1209 1820 ;

196 1835 361 1873 Dantur
379 1835 423 1872 in
442 1835 593 1872 invitos
613 1835 742 1885 impia
762 1839 856 1872 tura
875 1835 1007 1880 focos3

143 1895 302 1947 Volgus
334 1900 355 1915 ‘⁴
373 1896 550 1947 Hymen,
573 1895 809 1947 Hymenaee
825 1896 846 1910 ”
881 1901 1040 1934 vocant.
1091 1896 1217 1947 Fugit
1237 1897 1312 1934 ille

303 1961 517 2003 vocantes3

197 2021 294 2071 Ipsa
313 2019 423 2058 Iovis
443 2019 619 2057 coniunx
639 2019 760 2056 cessit
779 2019 830 2056 ab
850 2019 950 2057 urbe
971 2032 1054 2057 sua.
1259 2019 1312 2058 10

145 2082 259 2128 Eece,
279 2093 391 2120 mero
411 2080 538 2125 dubii,
560 2080 754 2118 comitum
775 2080 950 2119 clamore
969 2081 1216 2131 frequentes,

197 2144 314 2181 Flore
334 2156 438 2181 novo
457 2142 643 2180 madidas
663 2141 910 2193 impediente
931 2156 1077 2187 comas,

146 2206 195 2243 In
213 2205 415 2243 thalamos
435 2203 803 2247 laeti—thalamos,
825 2217 899 2241 sua
917 2203 1040 2242 busta
1054 2204 1311 2242 l—-feruntur

199 2266 417 2316 Strataque
438 2265 672 2316 corporibus
691 2264 835 2301 funere
855 2264 980 2314 digna
1000 2271 1204 2316 premunt.
