1491 2390
99 105 154 144 44.
526 116 682 144 STORIES
712 116 815 143 FROM
846 115 949 143 ovn).

208 219 334 258 Tollit
353 220 476 257 humo
496 233 643 257 munus
664 233 780 257 caesa
799 219 913 270 prius
933 218 1003 256 ille
1023 218 1205 263 iuvenca,

261 280 374 327 Quae
394 281 561 318 dederat
580 280 684 316 nulli
705 280 808 317 colla
828 279 1048 330 premenda
1067 279 1175 329 iugo,
1318 275 1373 315 20

208 341 345 390 Atque
361 341 490 379 ancile
506 344 635 386 vocat,
650 341 757 390 quod
773 340 822 377 ab
839 340 949 377 omni
967 343 1084 390 parte
1103 339 1277 376 recisum
1296 339 1370 383 est,

264 401 432 451 Quaque
452 406 567 439 notes
588 402 727 447 oculis,
750 401 925 451 angulus
945 400 1075 437 omnis
1096 400 1220 437 abest.

210 462 327 508 Tum,
348 477 503 500 memor
521 463 683 512 imperii
704 466 853 499 sortem
874 462 1092 499 consistere
1111 461 1155 498 in
1174 461 1257 505 illo,

265 523 491 560 Consilium
510 524 664 560 multae
685 523 923 560 calliditatis
943 522 1033 559 init.

213 583 339 622 Plura
358 585 472 621 iubet
491 584 578 622 fieri
598 584 724 620 simili
743 584 899 621 caelata
917 584 1060 633 figura,
1323 579 1374 619 25

267 645 392 682 Error
410 650 457 682 ut
478 651 572 682 ante
592 646 726 682 oculos
747 645 979 682 insidiantis
1000 648 1077 692 eat.

214 705 455 751 Mamurius,
477 720 636 743 morum
655 706 848 744 fabraene
868 706 1048 743 exactior
1066 704 1179 751 artis,

269 767 443 804 Difficile
465 771 525 804 est
545 767 649 804 illud
669 768 812 813 dicere,
834 767 981 805 clausit
1000 779 1113 818 opus.

346 871 465 917 why
491 872 572 909 the
601 872 794 917 Syrians
823 873 914 909 Eat
941 882 998 909 no
1028 871 1150 908 rish.

107 945 170 986 32.
219 947 459 986 Terribilem
479 948 682 997 quondam
702 948 863 998 fugiens
885 948 1084 998 Typhona
1104 947 1248 994 Dione,

272 1010 386 1047 Tunc
406 1023 497 1047 cum
517 1023 590 1060 pro
611 1010 720 1047 caelo
740 1010 929 1060 Iuppiter
948 1023 1061 1047 arma
1081 1009 1191 1055 tulit,

219 1069 347 1108 Venit
367 1071 418 1108 ad
439 1071 681 1121 Euphraten
700 1072 893 1109 comitata
914 1070 1117 1122 Cupidine
1136 1083 1275 1121 parvo,

272 1132 401 1181 Inque
423 1131 656 1170 Palestinae
675 1133 859 1183 margine
880 1132 985 1170 sedit
1006 1145 1144 1181 aquae.

220 1192 403 1243 Populus
424 1198 464 1231 et
485 1207 636 1231 cannae
656 1194 838 1244 riparum
859 1207 1017 1231 summa
1038 1193 1244 1239 tenebant,
1356 1192 1383 1231 5

276 1254 477 1304 Spemque
498 1254 651 1292 dabant
671 1255 827 1300 salices,
848 1254 922 1292 hos
942 1267 1099 1304 quoque
1119 1267 1236 1304 posse
1255 1253 1350 1305 tegi.

222 1316 332 1353 Dum
354 1316 466 1361 latet,
486 1316 669 1353 insonuit
690 1321 811 1353 vento
832 1329 986 1353 nemus.
1044 1315 1124 1352 Illa
1143 1315 1288 1352 timore

275 1377 421 1421 Pallet,
444 1381 483 1415 et
504 1378 672 1415 hostiles
694 1378 823 1415 credit
844 1378 984 1415 adesse
1002 1390 1159 1415 manus.

223 1438 361 1488 thue
383 1439 474 1475 sinu
496 1439 629 1476 tenuit
649 1444 804 1484 natum,
827 1442 848 1457 ‘⁶
865 1438 1109 1483 Succurrite,
1131 1436 1349 1487 nymphae,

276 1500 329 1536 Et
350 1500 411 1537 dis
433 1500 631 1537 auxilium
651 1501 755 1538 ferte
775 1500 954 1537 duobus!
974 1499 994 1513 ’‘
1043 1500 1112 1537 ait.
1337 1496 1388 1536 10

221 1559 261 1598 N
265 1573 307 1597 ec
328 1574 452 1605 mora,
474 1561 675 1611 prosiluit.
734 1560 870 1599 Pisces
891 1560 1048 1598 subiere
1068 1559 1257 1610 gemelll.

278 1621 356 1658 Pro
376 1636 454 1671 quo
475 1636 581 1660 nunc
601 1623 709 1660 001111
731 1623 864 1660 sidera
883 1636 1030 1659 munus
1050 1622 1216 1661 habent.

224 1683 324 1720 Inde
345 1684 457 1721 nefas
479 1684 633 1721 ducunt
653 1698 781 1735 genus
801 1684 876 1723 1100
896 1685 1101 1735 imponere
1121 1683 1284 1729 mensist

276 1743 362 1793 Nec
382 1745 538 1782 violant
558 1746 692 1783 timidi
714 1746 891 1797 piscibus
912 1759 981 1784 ora
1003 1745 1107 1797 Syri.

207 1859 322 1895 How
350 1859 571 1895 Romulus
599 1870 693 1896 was
721 1859 861 1896 taken
888 1870 947 1905 up
972 1858 1071 1896 into
1101 1858 1301 1896 nemen.

117 1923 182 1965 33.
224 1925 330 1963 Nam
345 1931 463 1976 pater
478 1927 726 1977 armipotens
740 1931 955 1977 postquam
972 1940 1077 1965 nova
1097 1927 1255 1965 moenia
1269 1926 1386 1971 vidit,

280 1987 492 2036 Multaque
514 1988 712 2026 Romulea
731 1988 838 2026 bella
857 1992 1023 2038 peracta
1041 2001 1177 2028 manu.

230 2053 251 2067 ‘⁶
269 2048 493 2099 Iuppitm·,''
516 2050 645 2098 inquit
670 2055 690 2068 ‘⁸
708 2050 828 2087 habet
852 2050 1036 2087 Romana
1056 2050 1237 2100 potentia
1258 2049 1386 2087 vires:

284 2110 504 2160 Sanguinis
524 2111 652 2148 officio
674 2125 751 2148 11011
773 2115 863 2159 eget
884 2111 955 2148 illa
975 2111 1065 2149 mei.

230 2170 370 2209 Redde
391 2173 498 2222 patri
522 2177 674 2209 natum.
733 2172 930 2219 Quamvis
951 2172 1160 2210 intercidit
1180 2172 1296 2218 alter,
1362 2173 1388 2211 5

285 2232 362 2269 Pro
383 2246 424 2270 se
445 2246 595 2283 proquo
618 2233 744 2271 Romo
763 2234 831 2283 qui
852 2233 952 2270 mihi
974 2238 1114 2281 restat,
1133 2234 1221 2272 erit.
