1491 2390
38 618 98 659 61.

47 1803 110 1846 62.

524 105 660 133 mot-NT
688 105 824 132 AETNA.
1252 93 1305 135 71

141 207 247 253 Ibat,
269 211 314 245 ut
334 207 504 245 iniceret
524 211 687 258 sperato
707 207 876 245 brachia
896 208 1010 246 collo.

141 269 217 307 Ille
237 269 358 319 fugit,
379 269 622 319 fugiensque
644 272 665 287 ‘⁴
679 269 827 306 Manus
848 270 1126 320 complexibus
1147 270 1283 308 aufer!

138 331 249 369 Ante
266 330 288 344 ''
309 331 367 368 ait
390 334 410 349 ‘⁸
432 331 617 376 emoriar,
639 344 761 380 quam
782 331 835 368 sit
856 331 934 368 tibi
954 332 1069 382 copia
1089 332 1241 369 nostri!
1258 331 1281 346 ’'

143 392 324 430 Rettulit
343 392 416 430 illa
435 393 540 430 nihil
561 393 641 430 nisi
663 396 684 410 ‘⁴
704 391 768 429 Sit
788 392 865 429 tibi
886 393 1003 444 copia
1021 393 1153 431 nostri
1170 393 1177 431 Ξ
1194 393 1215 408 ”

326 543 422 579 ’.Ι.“1ιε
451 543 634 589 Legend
662 543 711 580 of
733 543 815 580 the
844 544 1018 589 Spider.

603 621 746 658 Doluit
767 635 954 659 successu
975 623 1079 659 flava
1100 622 1257 670 virago,

145 681 199 719 Et
218 683 331 733 rupit
351 683 495 733 pictas,
517 682 709 720 caelestia
729 683 912 728 crimina,
935 689 1080 720 vestes.

145 743 282 794 thue
305 744 520 794 Cytoriaco
539 744 701 781 radium
722 745 770 782 de
791 754 928 781 monte
949 744 1127 782 tenebat.

147 805 226 842 Ter
245 810 389 855 quater
409 806 618 843 Idmoniae
638 806 815 843 frontem
835 806 1038 856 percussit
1058 805 1284 842 Arachnes,

145 865 238 903 Non
258 867 356 904 tulit
375 867 532 912 infelix,
554 867 776 917 laqueoque
797 868 979 904 animosa
999 867 1147 917 ligavit
1288 868 1315 903 5

148 927 342 965 Guttura.
401 928 653 966 Pendentem
675 928 811 965 Pallas
833 929 1027 966 miserata
1048 929 1218 967 levavit.

146 989 284 1040 Atque
315 990 375 1028 ita
394 993 416 1008 “
431 989 539 1028 Vive
559 990 736 1040 quidem,
757 990 888 1041 pende
914 995 1064 1035 tamen,
1085 988 1313 1040 improba‚''

252 1051 359 1088 dixit

151 1115 173 1131 ‘⁶
188 1112 351 1163 Lexque
371 1113 510 1151 eadem
530 1126 695 1163 poenae,
717 1127 767 1151 ne
789 1113 842 1150 sis
865 1126 1006 1150 secura
1025 1112 1169 1157 futuri,

149 1174 271 1212 Dicta
292 1179 362 1212 tuo
381 1175 520 1224 generi
541 1175 721 1224 serisque
741 1175 960 1224 nepotibus
982 1174 1106 1212 esto.”

151 1235 313 1285 Sparsit
333 1240 373 1272 et
394 1236 598 1286 extemplo
620 1236 729 1273 tristi
751 1236 1031 1273 medicamine.
1081 1235 1231 1272 Tactae
1263 1234 1319 1272 10

150 1297 365 1334 Defluxere
385 1310 533 1341 comae,
551 1311 642 1334 cum
663 1297 753 1347 quis
774 1302 813 1334 et
834 1298 944 1334 naris
967 1302 1005 1334 et
1027 1310 1156 1341 aures,

151 1359 298 1409 Fitque
325 1362 449 1409 caput
468 1359 696 1404 minimum,
718 1363 804 1396 toto
820 1371 977 1409 quoque
999 1372 1164 1409 corpore
1186 1371 1318 1409 parva

258 1425 319 1458 est
336 1436 344 1466 3

151 1482 202 1519 In
221 1482 348 1520 latere
368 1482 493 1520 exiles
514 1481 635 1532 digiti
654 1496 733 1533 pro
754 1482 940 1520 cruribus
961 1481 1144 1525 haerent,

152 1543 299 1581 Cetera
318 1547 463 1581 venter
481 1543 626 1581 habet:
658 1544 707 1581 de
727 1557 805 1594 quo
825 1548 963 1581 tamen
983 1543 1055 1580 illa
1075 1542 1253 1580 remittit

154 1604 334 1651 Stamen,
356 1610 398 1643 et
416 1605 606 1655 antiquas
626 1610 786 1643 exercet
806 1618 954 1643 aranea
973 1605 1087 1642 telas.
1268 1604 1319 1642 15

499 1725 665 1762 mount
693 1723 858 1763 Aetna.

153 1804 287 1843 Vasta
308 1804 522 1856 Giganteis
542 1805 704 1855 ingesta
724 1810 785 1843 est
806 1805 941 1843 insula
960 1805 1154 1843 membris

156 1867 375 1913 Trinacris,
397 1871 437 1904 et
456 1867 617 1917 magnis
638 1867 866 1904 subiectum
886 1867 1061 1904 molibus
1082 1871 1232 1916 urguet

155 1929 373 1966 Aetherias
395 1942 539 1966 ausum
560 1941 723 1979 sperare
744 1928 938 1978 Typhoea
958 1928 1084 1965 sedes.

155 1989 318 2027 Nititur
336 1989 405 2027 ille
426 1990 601 2040 quidem,
623 1994 860 2040 pugnatque
881 2002 1095 2039 resurgere
1126 2002 1268 2040 saepe:

157 2051 315 2089 Dextra
334 2051 406 2088 sed
424 2051 606 2088 Ausonio
626 2064 770 2088 manus
791 2054 854 2088 est
874 2051 1057 2088 subiecta
1079 2050 1236 2094 Peloro,
1300 2052 1325 2087 5

158 2113 305 2159 Laeva,
327 2113 531 2163 Pachyne‚
549 2113 647 2150 tibi:
680 2113 874 2162 Lilybaeo
895 2127 1012 2150 crura
1033 2117 1297 2163 premuntur:

158 2174 370 2224 Degravat
383 2175 519 2212 Aetna
532 2178 667 2225 caput.
719 2174 804 2211 Sub
821 2188 899 2224 qua
916 2175 1133 2224 resupinus
1150 2174 1333 2211 harenas

160 2235 333 2281 Eiectat,
354 2236 638 2286 flammamque
666 2235 782 2273 ferox
802 2236 931 2273 vomit
951 2249 1018 2273 ore
1039 2235 1277 2286 Typhoeus..
