1491 2390
175 93 227 132 36

175 699 236 740 22.

179 1921 242 1962 23.

599 105 756 132 STORIES
786 105 891 132 FROM
921 105 1024 132 OVID-

336 207 455 256 Quod
472 208 554 245 fuit
573 208 765 258 Argolico
785 209 945 247 iuvenis
966 209 1149 248 Phoceus
1172 209 1352 256 Orestae,
1397 211 1446 250 15
1489 205 1491 236 ¹

390 270 480 307 Hoc
500 270 588 314 tibi,
610 270 708 306 dum
729 270 856 314 licuit,
878 271 1065 320 psittaco,
1083 275 1222 308 turtur
1241 276 1339 309 erat.

338 329 447 377 Quid
468 335 605 368 tamen
624 331 706 367 ista
725 331 836 375 fides,
857 331 957 380 quid
974 332 1059 368 rari
1078 332 1211 369 forma
1235 333 1392 378 coloris,

392 390 501 438 Quid
520 405 599 428 vox
618 391 828 429 mutandis
849 392 1059 442 ingeniosa
1079 393 1200 438 sonis,

339 450 448 499 Quid
461 452 644 497 iuvat,ut
659 452 780 489 datus
796 465 850 497 es,
864 456 1026 490 nostrae
1038 453 1240 504 placuisse
1253 454 1413 504 puellae
1427 452 1447 493 ?

391 512 554 558 Infelix,
576 513 714 550 avium
734 513 877 563 gloria,
898 527 1042 564 nempe
1062 514 1168 552 iaces
1185 514 1193 552 l
1397 513 1450 552 20
1475 535 1491 554 a

781 623 842 672 (b)

340 702 402 739 Tu
421 707 584 753 poteras
604 703 774 753 fragiles
795 703 933 754 pinnis
954 703 1148 741 hebetare
1169 704 1408 755 zmaragdos

391 763 537 801 Tincta
556 777 701 814 gerens
721 764 845 801 rubro
866 763 1021 801 Punica
1040 768 1174 801 rostra
1193 777 1318 802 croco.

337 824 430 861 Non
449 824 531 861 fuit
551 825 594 861 in
614 825 735 862 terris
757 839 902 862 vocum
923 825 1184 862 simulantior
1205 825 1287 863 ales
1306 842 1312 862 :

392 885 606 922 Reddebas
627 886 763 923 blaeso
785 890 869 922 tam
890 885 990 923 bene
1010 885 1135 922 verba
1155 886 1274 923 sono!
1423 885 1451 923 4·

338 945 498 996 Raptus
520 959 560 983 es
581 946 738 983 invidia
755 963 761 983 :
794 960 874 983 non
895 952 942 983 tu
960 946 1049 983 fera
1068 946 1176 983 bella
1195 946 1386 984 movebas
1404 962 1412 991 ;

391 1006 591 1044 Garrulus
612 1012 652 1044 et
671 1007 856 1057 placidae
876 1007 988 1057 pacis
1009 1012 1168 1044 amator
1187 1020 1287 1045 eras.

338 1068 453 1113 Ecce,
475 1069 702 1106 coturnices
722 1069 832 1105 inter
851 1082 925 1106 sua
944 1069 1099 1119 proelia
1119 1069 1277 1113 vivunt,

391 1130 582 1167 Forsitan
601 1135 641 1167 et
661 1131 761 1168 fiant
782 1131 875 1168 inde
895 1130 1132 1180 frequenter
1151 1144 1264 1169 anus.

338 1190 489 1229 Plenus
511 1205 599 1229 eras
619 1192 799 1238 minimo,
822 1205 894 1229 nec
914 1206 1011 1242 prae
1032 1193 1228 1230 sermonis
1250 1205 1385 1230 amore

390 1253 440 1289 In
459 1254 610 1290 multos
631 1259 794 1303 poteras
815 1267 886 1291 ora
906 1267 1051 1291 vacare
1072 1254 1205 1300 cibos;
1399 1252 1451 1293 10

337 1314 434 1351 Nux
454 1318 542 1352 erat
563 1328 654 1352 esca
674 1315 750 1351 tibi
771 1328 995 1364 causaeque
1016 1329 1221 1366 papavera
1241 1315 1384 1361 somm',

392 1375 656 1425 Pellebatque
677 1376 790 1412 sitim
811 1376 1009 1426 simplicis
1030 1390 1148 1414 umor
1168 1390 1305 1426 aquae.
1346 1411 1348 1413 .

336 1434 455 1472 Vivit
476 1437 580 1473 edax
600 1436 743 1473 vultur
763 1437 995 1486 ducensque
1016 1451 1089 1488 per
1109 1440 1202 1475 aera
1220 1451 1342 1488 gyros

390 1496 544 1533 Miluus
565 1501 605 1534 et
625 1497 790 1547 pluviae
809 1498 1000 1548 graculus
1022 1503 1163 1535 auctor
1183 1512 1310 1548 aquae
1326 1514 1335 1545 ;

337 1557 457 1594 Vivit
477 1562 517 1595 et
537 1559 754 1596 armiferae
774 1559 914 1596 cornix
934 1559 1068 1596 invisa
1088 1559 1309 1604 Minervae,
1400 1559 1449 1599 15

390 1618 470 1656 Illa
489 1619 654 1668 quidem
675 1620 818 1657 saeclis
840 1620 909 1656 vix
930 1621 1130 1657 moritura
1149 1634 1316 1658 novem:

340 1677 501 1718 Occidit
521 1681 593 1718 illa
614 1681 760 1731 loquax
781 1681 983 1719 humanae
1003 1682 1112 1719 vocis
1134 1683 1280 1733 imago,

393 1741 612 1785 Psittacus,
635 1748 814 1780 extremo
835 1757 983 1780 munus
1004 1743 1054 1781 ab
1075 1744 1170 1781 orbe
1191 1744 1356 1782 datum!

784 1845 839 1896 (ε)

338 1921 508 1974 Optima
527 1925 662 1975 prima
681 1925 766 1963 fere
785 1925 974 1963 manibus
996 1926 1215 1977 rapiuntur
1232 1925 1379 1970 avaris,

395 1987 627 2036 Implentur
647 1988 827 2024 numeris
849 1987 1051 2025 deteriora
1071 1988 1154 2025 suis
1173 2004 1179 2025 :

337 2046 491 2084 Tristia.
514 2047 762 2098 Phylacidae
783 2048 992 2086 Thersites
1013 2049 1159 2086 funera.
1179 2049 1294 2089 vidit.

392 2108 558 2157 Iamque
579 2109 680 2145 cinis
702 2109 807 2145 vivis
828 2109 1026 2146 fratribus
1050 2109 1203 2147 Hector
1221 2114 1319 2147 erat.

337 2168 444 2215 Quid
467 2170 638 2207 referam
661 2171 829 2207 timidae
850 2185 922 2221 pro
944 2176 983 2208 te
1004 2171 1071 2221 pia
1092 2176 1186 2208 vota
1206 2171 1377 2221 puellae,
1418 2170 1447 2210 5

389 2229 499 2267 Vota
519 2231 740 2280 procelloso
763 2245 835 2281 per
855 2245 966 2269 mare
986 2238 1107 2282 rapta
1127 2237 1222 2269 not-o
1240 2231 1257 2269 Ρ
