<?xml version="1.0" encoding="UTF-8"?>
<!DOCTYPE html PUBLIC "-//W3C//DTD XHTML 1.0 Transitional//EN"
    "http://www.w3.org/TR/xhtml1/DTD/xhtml1-transitional.dtd">
<html xmlns="http://www.w3.org/1999/xhtml" xml:lang="en" lang="en">
 <head>
  <title>
</title>
<meta http-equiv="Content-Type" content="text/html;charset=utf-8" />
  <meta name='ocr-system' content='tesseract 3.04.00' />
  <meta name='ocr-capabilities' content='ocr_page ocr_carea ocr_par ocr_line ocrx_word'/>
</head>
<body>
  <div class='ocr_page' id='page_1' title='image "./storiesfromovid00oviduoft_0054.png"; bbox 0 0 1491 2390; ppageno 0'>
   <div class='ocr_carea' id='block_1_1' title="bbox 147 83 200 121">
    <p class='ocr_par' dir='ltr' id='par_1_1' title="bbox 147 83 200 121">
     <span class='ocr_line' id='line_1_1' title="bbox 147 83 200 121; baseline -0.019 0"><span class='ocrx_word' id='word_1_1' title='bbox 147 83 200 121; x_wconf 78' lang='lat'>50</span> 
     </span>
    </p>
   </div>
   <div class='ocr_carea' id='block_1_2' title="bbox 573 90 997 119">
    <p class='ocr_par' dir='ltr' id='par_1_2' title="bbox 573 90 997 119">
     <span class='ocr_line' id='line_1_2' title="bbox 573 90 997 119; baseline -0.005 0"><span class='ocrx_word' id='word_1_2' title='bbox 573 91 730 119; x_wconf 81' lang='lat' dir='ltr'>STORIES</span> <span class='ocrx_word' id='word_1_3' title='bbox 758 90 863 118; x_wconf 78' lang='lat' dir='ltr'>FROM</span> <span class='ocrx_word' id='word_1_4' title='bbox 892 90 997 118; x_wconf 85' lang='lat' dir='ltr'>0V1D.</span> 
     </span>
    </p>
   </div>
   <div class='ocr_carea' id='block_1_3' title="bbox 249 192 1420 2144">
    <p class='ocr_par' dir='ltr' id='par_1_3' title="bbox 254 192 1251 305">
     <span class='ocr_line' id='line_1_3' title="bbox 254 192 1251 243; baseline -0.001 -11"><span class='ocrx_word' id='word_1_5' title='bbox 254 194 438 232; x_wconf 89' lang='lat' dir='ltr'>Pellibus</span> <span class='ocrx_word' id='word_1_6' title='bbox 459 198 500 232; x_wconf 89' lang='lat' dir='ltr'>et</span> <span class='ocrx_word' id='word_1_7' title='bbox 519 193 623 231; x_wconf 90' lang='lat' dir='ltr'>sutis</span> <span class='ocrx_word' id='word_1_8' title='bbox 644 196 785 230; x_wconf 99' lang='lat' dir='ltr'>arcent</span> <span class='ocrx_word' id='word_1_9' title='bbox 803 193 913 230; x_wconf 89' lang='lat' dir='ltr'>mala</span> <span class='ocrx_word' id='word_1_10' title='bbox 930 192 1087 243; x_wconf 78' lang='lat' dir='ltr'>frigora</span> <span class='ocrx_word' id='word_1_11' title='bbox 1104 192 1251 240; x_wconf 86' lang='lat' dir='ltr'>bracis,</span> 
     </span>
     <span class='ocr_line' id='line_1_4' title="bbox 307 253 1113 305; baseline -0.004 -12"><span class='ocrx_word' id='word_1_12' title='bbox 307 255 469 305; x_wconf 85' lang='lat' dir='ltr'>Oraque</span> <span class='ocrx_word' id='word_1_13' title='bbox 490 255 539 292; x_wconf 90' lang='lat' dir='ltr'>de</span> <span class='ocrx_word' id='word_1_14' title='bbox 559 258 646 292; x_wconf 86' lang='lat' dir='ltr'>toto</span> <span class='ocrx_word' id='word_1_15' title='bbox 667 266 833 303; x_wconf 88' lang='lat' dir='ltr'>corpore</span> <span class='ocrx_word' id='word_1_16' title='bbox 853 253 940 291; x_wconf 88' lang='lat' dir='ltr'>sola</span> <span class='ocrx_word' id='word_1_17' title='bbox 957 256 1113 304; x_wconf 83' lang='lat' dir='ltr'>patent.</span> 
     </span>
    </p>

    <p class='ocr_par' dir='ltr' id='par_1_4' title="bbox 254 314 1420 426">
     <span class='ocr_line' id='line_1_5' title="bbox 254 314 1214 367; baseline -0.004 -11"><span class='ocrx_word' id='word_1_18' title='bbox 254 316 382 367; x_wconf 83' lang='lat' dir='ltr'>Saepe</span> <span class='ocrx_word' id='word_1_19' title='bbox 403 318 550 352; x_wconf 89' lang='lat' dir='ltr'>sonant</span> <span class='ocrx_word' id='word_1_20' title='bbox 569 314 670 351; x_wconf 89' lang='lat' dir='ltr'>moti</span> <span class='ocrx_word' id='word_1_21' title='bbox 690 314 820 364; x_wconf 86' lang='lat' dir='ltr'>glacie</span> <span class='ocrx_word' id='word_1_22' title='bbox 839 315 1042 364; x_wconf 76' lang='lat' dir='ltr'>pendente</span> <span class='ocrx_word' id='word_1_23' title='bbox 1062 314 1214 365; x_wconf 89' lang='lat' dir='ltr'>capilli,</span> 
     </span>
     <span class='ocr_line' id='line_1_6' title="bbox 305 375 1420 426; baseline 0 -11"><span class='ocrx_word' id='word_1_24' title='bbox 305 379 359 415; x_wconf 80' lang='lat' dir='ltr'>Et</span> <span class='ocrx_word' id='word_1_25' title='bbox 378 377 486 414; x_wconf 87' lang='lat' dir='ltr'>nitet</span> <span class='ocrx_word' id='word_1_26' title='bbox 504 376 672 414; x_wconf 88' lang='lat' dir='ltr'>inducto</span> <span class='ocrx_word' id='word_1_27' title='bbox 693 375 866 413; x_wconf 81' lang='lat' dir='ltr'>candida</span> <span class='ocrx_word' id='word_1_28' title='bbox 884 376 1012 413; x_wconf 80' lang='lat' dir='ltr'>barba</span> <span class='ocrx_word' id='word_1_29' title='bbox 1030 375 1126 426; x_wconf 90' lang='lat' dir='ltr'>gelu</span> <span class='ocrx_word' id='word_1_30' title='bbox 1143 392 1152 423; x_wconf 90' lang='lat'>;</span> <span class='ocrx_word' id='word_1_31' title='bbox 1367 376 1420 416; x_wconf 89' lang='grc'>10</span> 
     </span>
    </p>

    <p class='ocr_par' dir='ltr' id='par_1_5' title="bbox 249 437 1388 546">
     <span class='ocr_line' id='line_1_7' title="bbox 249 437 1296 488; baseline -0.001 -12"><span class='ocrx_word' id='word_1_32' title='bbox 249 439 452 488; x_wconf 85' lang='lat' dir='ltr'>Nudaque</span> <span class='ocrx_word' id='word_1_33' title='bbox 472 437 714 481; x_wconf 82' lang='lat' dir='ltr'>consistunt,</span> <span class='ocrx_word' id='word_1_34' title='bbox 734 437 909 474; x_wconf 80' lang='lat' dir='ltr'>formam</span> <span class='ocrx_word' id='word_1_35' title='bbox 929 437 1136 474; x_wconf 82' lang='lat' dir='ltr'>servantia</span> <span class='ocrx_word' id='word_1_36' title='bbox 1155 441 1296 483; x_wconf 84' lang='lat' dir='ltr'>testae,</span> 
     </span>
     <span class='ocr_line' id='line_1_8' title="bbox 302 497 1388 546; baseline -0.002 -9"><span class='ocrx_word' id='word_1_37' title='bbox 302 500 415 537; x_wconf 88' lang='lat' dir='ltr'>Vina</span> <span class='ocrx_word' id='word_1_38' title='bbox 432 516 440 546; x_wconf 89' lang='lat'>;</span> <span class='ocrx_word' id='word_1_39' title='bbox 472 512 546 537; x_wconf 89' lang='lat' dir='ltr'>nec</span> <span class='ocrx_word' id='word_1_40' title='bbox 565 499 716 536; x_wconf 86' lang='lat' dir='ltr'>hausta</span> <span class='ocrx_word' id='word_1_41' title='bbox 734 498 848 543; x_wconf 89' lang='lat' dir='ltr'>meri,</span> <span class='ocrx_word' id='word_1_42' title='bbox 870 497 942 535; x_wconf 87' lang='lat' dir='ltr'>sed</span> <span class='ocrx_word' id='word_1_43' title='bbox 961 498 1059 535; x_wconf 79' lang='lat' dir='ltr'>data</span> <span class='ocrx_word' id='word_1_44' title='bbox 1075 497 1211 536; x_wconf 80' lang='lat' dir='ltr'>frusta</span> <span class='ocrx_word' id='word_1_45' title='bbox 1228 498 1388 536; x_wconf 84' lang='lat' dir='ltr'>bibunt.</span> 
     </span>
    </p>

    <p class='ocr_par' dir='ltr' id='par_1_6' title="bbox 253 559 1318 672">
     <span class='ocr_line' id='line_1_9' title="bbox 253 559 1318 611; baseline -0.002 -12"><span class='ocrx_word' id='word_1_46' title='bbox 253 561 363 609; x_wconf 79' lang='lat' dir='ltr'>Quid</span> <span class='ocrx_word' id='word_1_47' title='bbox 382 562 536 611; x_wconf 85' lang='lat' dir='ltr'>loquar,</span> <span class='ocrx_word' id='word_1_48' title='bbox 559 563 604 597; x_wconf 92' lang='lat' dir='ltr'>ut</span> <span class='ocrx_word' id='word_1_49' title='bbox 624 560 754 597; x_wconf 86' lang='lat' dir='ltr'>vincti</span> <span class='ocrx_word' id='word_1_50' title='bbox 773 563 1035 597; x_wconf 69' lang='lat' dir='ltr'>concrescant</span> <span class='ocrx_word' id='word_1_51' title='bbox 1054 559 1208 609; x_wconf 80' lang='lat' dir='ltr'>frigore</span> <span class='ocrx_word' id='word_1_52' title='bbox 1226 559 1318 606; x_wconf 84' lang='lat' dir='ltr'>rivi,</span> 
     </span>
     <span class='ocr_line' id='line_1_10' title="bbox 305 619 1199 672; baseline -0.002 -12"><span class='ocrx_word' id='word_1_53' title='bbox 305 624 446 672; x_wconf 87' lang='lat' dir='ltr'>Deque</span> <span class='ocrx_word' id='word_1_54' title='bbox 466 623 558 658; x_wconf 81' lang='lat' dir='ltr'>lacu</span> <span class='ocrx_word' id='word_1_55' title='bbox 578 620 746 670; x_wconf 82' lang='lat' dir='ltr'>fragiles</span> <span class='ocrx_word' id='word_1_56' title='bbox 768 619 1016 657; x_wconf 81' lang='lat' dir='ltr'>effodiantur</span> <span class='ocrx_word' id='word_1_57' title='bbox 1034 633 1162 670; x_wconf 88' lang='lat' dir='ltr'>aquae</span> <span class='ocrx_word' id='word_1_58' title='bbox 1181 619 1199 658; x_wconf 75' lang='lat' dir='ltr'>P</span> 
     </span>
    </p>

    <p class='ocr_par' dir='ltr' id='par_1_7' title="bbox 250 680 1415 792">
     <span class='ocr_line' id='line_1_11' title="bbox 250 680 1415 735; baseline -0.002 -14"><span class='ocrx_word' id='word_1_59' title='bbox 250 684 358 735; x_wconf 77' lang='lat' dir='ltr'>Ipse,</span> <span class='ocrx_word' id='word_1_60' title='bbox 380 682 615 733; x_wconf 70' lang='lat' dir='ltr'>papyrifero</span> <span class='ocrx_word' id='word_1_61' title='bbox 635 681 707 730; x_wconf 91' lang='lat' dir='ltr'>qui</span> <span class='ocrx_word' id='word_1_62' title='bbox 725 694 807 718; x_wconf 91' lang='lat' dir='ltr'>non</span> <span class='ocrx_word' id='word_1_63' title='bbox 827 681 1040 731; x_wconf 87' lang='lat' dir='ltr'>angustior</span> <span class='ocrx_word' id='word_1_64' title='bbox 1059 695 1177 719; x_wconf 87' lang='lat' dir='ltr'>amne</span> <span class='ocrx_word' id='word_1_65' title='bbox 1366 680 1415 719; x_wconf 75' lang='grc'>15</span> 
     </span>
     <span class='ocr_line' id='line_1_12' title="bbox 304 741 1110 792; baseline -0.002 -11"><span class='ocrx_word' id='word_1_66' title='bbox 304 744 503 781; x_wconf 80' lang='lat' dir='ltr'>Miscetur</span> <span class='ocrx_word' id='word_1_67' title='bbox 522 746 638 779; x_wconf 81' lang='lat' dir='ltr'>vasto</span> <span class='ocrx_word' id='word_1_68' title='bbox 659 742 791 780; x_wconf 86' lang='lat' dir='ltr'>multa</span> <span class='ocrx_word' id='word_1_69' title='bbox 810 755 884 792; x_wconf 91' lang='lat' dir='ltr'>per</span> <span class='ocrx_word' id='word_1_70' title='bbox 902 755 972 779; x_wconf 90' lang='lat' dir='ltr'>ora</span> <span class='ocrx_word' id='word_1_71' title='bbox 991 741 1110 787; x_wconf 77' lang='lat' dir='ltr'>freto,</span> 
     </span>
    </p>

    <p class='ocr_par' dir='ltr' id='par_1_8' title="bbox 250 803 1230 915">
     <span class='ocr_line' id='line_1_13' title="bbox 250 803 1230 847; baseline -0.003 -4"><span class='ocrx_word' id='word_1_72' title='bbox 250 805 467 843; x_wconf 84' lang='lat' dir='ltr'>Caeruleos</span> <span class='ocrx_word' id='word_1_73' title='bbox 488 803 623 840; x_wconf 80' lang='lat' dir='ltr'>ventis</span> <span class='ocrx_word' id='word_1_74' title='bbox 644 803 785 841; x_wconf 82' lang='lat' dir='ltr'>latices</span> <span class='ocrx_word' id='word_1_75' title='bbox 806 804 1063 847; x_wconf 82' lang='lat' dir='ltr'>durantibus,</span> <span class='ocrx_word' id='word_1_76' title='bbox 1085 803 1230 841; x_wconf 90' lang='lat' dir='ltr'>Hister</span> 
     </span>
     <span class='ocr_line' id='line_1_14' title="bbox 305 864 1197 915; baseline -0.001 -13"><span class='ocrx_word' id='word_1_77' title='bbox 305 865 505 915; x_wconf 84' lang='lat' dir='ltr'>Congelat</span> <span class='ocrx_word' id='word_1_78' title='bbox 525 868 567 903; x_wconf 87' lang='lat' dir='ltr'>et</span> <span class='ocrx_word' id='word_1_79' title='bbox 587 865 706 902; x_wconf 84' lang='lat' dir='ltr'>tectis</span> <span class='ocrx_word' id='word_1_80' title='bbox 726 865 770 902; x_wconf 92' lang='lat' dir='ltr'>in</span> <span class='ocrx_word' id='word_1_81' title='bbox 788 878 900 903; x_wconf 91' lang='lat' dir='ltr'>mare</span> <span class='ocrx_word' id='word_1_82' title='bbox 921 865 1049 915; x_wconf 86' lang='lat' dir='ltr'>serpit</span> <span class='ocrx_word' id='word_1_83' title='bbox 1067 864 1197 914; x_wconf 57' lang='lat' dir='ltr'>aquis.»</span> 
     </span>
    </p>

    <p class='ocr_par' dir='ltr' id='par_1_9' title="bbox 249 925 1416 1040">
     <span class='ocr_line' id='line_1_15' title="bbox 249 925 1367 977; baseline -0.002 -12"><span class='ocrx_word' id='word_1_84' title='bbox 249 927 419 977; x_wconf 83' lang='lat' dir='ltr'>Quaque</span> <span class='ocrx_word' id='word_1_85' title='bbox 439 930 548 963; x_wconf 85' lang='lat' dir='ltr'>rates</span> <span class='ocrx_word' id='word_1_86' title='bbox 568 926 713 970; x_wconf 82' lang='lat' dir='ltr'>ierant,</span> <span class='ocrx_word' id='word_1_87' title='bbox 734 926 906 976; x_wconf 87' lang='lat' dir='ltr'>pedibus</span> <span class='ocrx_word' id='word_1_88' title='bbox 926 938 1035 964; x_wconf 88' lang='lat' dir='ltr'>nunc</span> <span class='ocrx_word' id='word_1_89' title='bbox 1060 925 1157 971; x_wconf 87' lang='lat' dir='ltr'>itur,</span> <span class='ocrx_word' id='word_1_90' title='bbox 1178 929 1219 963; x_wconf 87' lang='lat' dir='ltr'>et</span> <span class='ocrx_word' id='word_1_91' title='bbox 1237 925 1367 963; x_wconf 87' lang='lat' dir='ltr'>undas</span> 
     </span>
     <span class='ocr_line' id='line_1_16' title="bbox 302 985 1416 1040; baseline -0.002 -13"><span class='ocrx_word' id='word_1_92' title='bbox 302 990 470 1040; x_wconf 82' lang='lat' dir='ltr'>Frigore</span> <span class='ocrx_word' id='word_1_93' title='bbox 491 991 698 1026; x_wconf 88' lang='lat' dir='ltr'>concretas</span> <span class='ocrx_word' id='word_1_94' title='bbox 718 988 874 1038; x_wconf 86' lang='lat' dir='ltr'>ungula</span> <span class='ocrx_word' id='word_1_95' title='bbox 892 989 1032 1038; x_wconf 88' lang='lat' dir='ltr'>pulsat</span> <span class='ocrx_word' id='word_1_96' title='bbox 1050 987 1145 1037; x_wconf 84' lang='lat' dir='ltr'>equi</span> <span class='ocrx_word' id='word_1_97' title='bbox 1166 1003 1174 1032; x_wconf 88' lang='lat'>;</span> <span class='ocrx_word' id='word_1_98' title='bbox 1364 985 1416 1024; x_wconf 83' lang='lat'>20</span> 
     </span>
    </p>

    <p class='ocr_par' dir='ltr' id='par_1_10' title="bbox 255 1047 1274 1161">
     <span class='ocr_line' id='line_1_17' title="bbox 255 1047 1274 1100; baseline -0.003 -11"><span class='ocrx_word' id='word_1_99' title='bbox 255 1052 411 1100; x_wconf 83' lang='lat' dir='ltr'>Perque</span> <span class='ocrx_word' id='word_1_100' title='bbox 431 1062 555 1087; x_wconf 84' lang='lat' dir='ltr'>novos</span> <span class='ocrx_word' id='word_1_101' title='bbox 576 1053 720 1100; x_wconf 88' lang='lat' dir='ltr'>pontes</span> <span class='ocrx_word' id='word_1_102' title='bbox 741 1049 881 1087; x_wconf 80' lang='lat' dir='ltr'>subter</span> <span class='ocrx_word' id='word_1_103' title='bbox 900 1049 1132 1087; x_wconf 84' lang='lat' dir='ltr'>labentibus</span> <span class='ocrx_word' id='word_1_104' title='bbox 1152 1047 1274 1086; x_wconf 85' lang='lat' dir='ltr'>undis</span> 
     </span>
     <span class='ocr_line' id='line_1_18' title="bbox 306 1110 1270 1161; baseline -0.001 -13"><span class='ocrx_word' id='word_1_105' title='bbox 306 1112 473 1148; x_wconf 88' lang='lat' dir='ltr'>Ducunt</span> <span class='ocrx_word' id='word_1_106' title='bbox 496 1111 715 1149; x_wconf 84' lang='lat' dir='ltr'>Sarmatici</span> <span class='ocrx_word' id='word_1_107' title='bbox 735 1110 910 1148; x_wconf 83' lang='lat' dir='ltr'>barbara</span> <span class='ocrx_word' id='word_1_108' title='bbox 930 1110 1116 1161; x_wconf 87' lang='lat' dir='ltr'>plaustra</span> <span class='ocrx_word' id='word_1_109' title='bbox 1135 1110 1270 1149; x_wconf 87' lang='lat' dir='ltr'>boves.</span> 
     </span>
    </p>

    <p class='ocr_par' dir='ltr' id='par_1_11' title="bbox 249 1171 1343 1279">
     <span class='ocr_line' id='line_1_19' title="bbox 249 1171 1343 1223; baseline 0.002 -15"><span class='ocrx_word' id='word_1_110' title='bbox 249 1171 334 1209; x_wconf 78' lang='lat' dir='ltr'>Vix</span> <span class='ocrx_word' id='word_1_111' title='bbox 355 1173 543 1221; x_wconf 86' lang='lat' dir='ltr'>equidem</span> <span class='ocrx_word' id='word_1_112' title='bbox 565 1172 718 1217; x_wconf 83' lang='lat' dir='ltr'>credar,</span> <span class='ocrx_word' id='word_1_113' title='bbox 740 1173 811 1210; x_wconf 88' lang='lat' dir='ltr'>sed</span> <span class='ocrx_word' id='word_1_114' title='bbox 831 1185 923 1210; x_wconf 88' lang='lat' dir='ltr'>cum</span> <span class='ocrx_word' id='word_1_115' title='bbox 943 1173 1026 1210; x_wconf 88' lang='lat' dir='ltr'>sint</span> <span class='ocrx_word' id='word_1_116' title='bbox 1045 1173 1229 1223; x_wconf 85' lang='lat' dir='ltr'>praemia</span> <span class='ocrx_word' id='word_1_117' title='bbox 1247 1172 1343 1210; x_wconf 82' lang='lat' dir='ltr'>falsi</span> 
     </span>
     <span class='ocr_line' id='line_1_20' title="bbox 303 1234 1200 1279; baseline 0.001 -9"><span class='ocrx_word' id='word_1_118' title='bbox 303 1234 441 1279; x_wconf 82' lang='lat' dir='ltr'>Nulla,</span> <span class='ocrx_word' id='word_1_119' title='bbox 463 1240 595 1271; x_wconf 84' lang='lat' dir='ltr'>ratam</span> <span class='ocrx_word' id='word_1_120' title='bbox 616 1234 736 1272; x_wconf 82' lang='lat' dir='ltr'>debet</span> <span class='ocrx_word' id='word_1_121' title='bbox 756 1235 872 1271; x_wconf 85' lang='lat' dir='ltr'>testis</span> <span class='ocrx_word' id='word_1_122' title='bbox 893 1234 1041 1272; x_wconf 84' lang='lat' dir='ltr'>habere</span> <span class='ocrx_word' id='word_1_123' title='bbox 1068 1234 1200 1272; x_wconf 88' lang='lat' dir='ltr'>fidem.</span> 
     </span>
    </p>

    <p class='ocr_par' dir='ltr' id='par_1_12' title="bbox 253 1293 1413 1407">
     <span class='ocr_line' id='line_1_21' title="bbox 253 1293 1413 1347; baseline -0.001 -14"><span class='ocrx_word' id='word_1_124' title='bbox 253 1296 441 1333; x_wconf 82' lang='lat' dir='ltr'>Vidimus</span> <span class='ocrx_word' id='word_1_125' title='bbox 462 1297 670 1347; x_wconf 87' lang='lat' dir='ltr'>ingentem</span> <span class='ocrx_word' id='word_1_126' title='bbox 690 1296 819 1345; x_wconf 86' lang='lat' dir='ltr'>glacie</span> <span class='ocrx_word' id='word_1_127' title='bbox 839 1295 1058 1333; x_wconf 84' lang='lat' dir='ltr'>consistere</span> <span class='ocrx_word' id='word_1_128' title='bbox 1077 1299 1263 1345; x_wconf 87' lang='lat' dir='ltr'>pontum,</span> <span class='ocrx_word' id='word_1_129' title='bbox 1363 1293 1413 1332; x_wconf 83' lang='lat'>25</span> 
     </span>
     <span class='ocr_line' id='line_1_22' title="bbox 304 1356 1283 1407; baseline 0 -13"><span class='ocrx_word' id='word_1_130' title='bbox 304 1358 558 1407; x_wconf 87' lang='lat' dir='ltr'>Lubricaque</span> <span class='ocrx_word' id='word_1_131' title='bbox 579 1358 769 1395; x_wconf 84' lang='lat' dir='ltr'>immotas</span> <span class='ocrx_word' id='word_1_132' title='bbox 789 1362 896 1394; x_wconf 82' lang='lat' dir='ltr'>testa</span> <span class='ocrx_word' id='word_1_133' title='bbox 916 1356 1127 1407; x_wconf 88' lang='lat' dir='ltr'>premebat</span> <span class='ocrx_word' id='word_1_134' title='bbox 1147 1369 1283 1406; x_wconf 85' lang='lat' dir='ltr'>aquas.</span> 
     </span>
    </p>

    <p class='ocr_par' dir='ltr' id='par_1_13' title="bbox 249 1418 1320 1530">
     <span class='ocr_line' id='line_1_23' title="bbox 249 1418 1320 1469; baseline 0.001 -15"><span class='ocrx_word' id='word_1_135' title='bbox 249 1418 334 1455; x_wconf 82' lang='lat' dir='ltr'>Nec</span> <span class='ocrx_word' id='word_1_136' title='bbox 355 1419 506 1456; x_wconf 84' lang='lat' dir='ltr'>vidisse</span> <span class='ocrx_word' id='word_1_137' title='bbox 527 1423 590 1456; x_wconf 85' lang='lat' dir='ltr'>sat</span> <span class='ocrx_word' id='word_1_138' title='bbox 610 1423 694 1464; x_wconf 88' lang='lat' dir='ltr'>est;</span> <span class='ocrx_word' id='word_1_139' title='bbox 725 1419 872 1455; x_wconf 86' lang='lat' dir='ltr'>durum</span> <span class='ocrx_word' id='word_1_140' title='bbox 893 1418 1139 1455; x_wconf 81' lang='lat' dir='ltr'>calcavimus</span> <span class='ocrx_word' id='word_1_141' title='bbox 1161 1431 1320 1469; x_wconf 82' lang='lat' dir='ltr'>aequor,</span> 
     </span>
     <span class='ocr_line' id='line_1_24' title="bbox 304 1479 1212 1530; baseline 0.001 -14"><span class='ocrx_word' id='word_1_142' title='bbox 304 1480 506 1529; x_wconf 85' lang='lat' dir='ltr'>Undaque</span> <span class='ocrx_word' id='word_1_143' title='bbox 526 1493 606 1517; x_wconf 88' lang='lat' dir='ltr'>non</span> <span class='ocrx_word' id='word_1_144' title='bbox 627 1480 705 1517; x_wconf 90' lang='lat' dir='ltr'>udo</span> <span class='ocrx_word' id='word_1_145' title='bbox 726 1479 801 1517; x_wconf 89' lang='lat' dir='ltr'>sub</span> <span class='ocrx_word' id='word_1_146' title='bbox 820 1479 922 1530; x_wconf 88' lang='lat' dir='ltr'>pede</span> <span class='ocrx_word' id='word_1_147' title='bbox 942 1493 1101 1517; x_wconf 83' lang='lat' dir='ltr'>summa</span> <span class='ocrx_word' id='word_1_148' title='bbox 1119 1480 1212 1518; x_wconf 74' lang='lat' dir='ltr'>fuit.</span> 
     </span>
    </p>

    <p class='ocr_par' dir='ltr' id='par_1_14' title="bbox 252 1540 1414 1652">
     <span class='ocr_line' id='line_1_25' title="bbox 252 1540 1298 1591; baseline 0 -13"><span class='ocrx_word' id='word_1_149' title='bbox 252 1540 296 1578; x_wconf 82' lang='lat' dir='ltr'>Si</span> <span class='ocrx_word' id='word_1_150' title='bbox 317 1540 393 1577; x_wconf 88' lang='lat' dir='ltr'>tibi</span> <span class='ocrx_word' id='word_1_151' title='bbox 414 1542 495 1579; x_wconf 77' lang='lat' dir='ltr'>tale</span> <span class='ocrx_word' id='word_1_152' title='bbox 515 1542 667 1579; x_wconf 81' lang='lat' dir='ltr'>fretum</span> <span class='ocrx_word' id='word_1_153' title='bbox 687 1541 903 1591; x_wconf 89' lang='lat' dir='ltr'>quondam,</span> <span class='ocrx_word' id='word_1_154' title='bbox 926 1541 1120 1586; x_wconf 84' lang='lat' dir='ltr'>Leaudre,</span> <span class='ocrx_word' id='word_1_155' title='bbox 1140 1542 1298 1585; x_wconf 81' lang='lat' dir='ltr'>fuisset,</span> 
     </span>
     <span class='ocr_line' id='line_1_26' title="bbox 302 1599 1414 1652; baseline 0.001 -13"><span class='ocrx_word' id='word_1_156' title='bbox 302 1602 396 1639; x_wconf 89' lang='lat' dir='ltr'>Non</span> <span class='ocrx_word' id='word_1_157' title='bbox 415 1602 522 1640; x_wconf 85' lang='lat' dir='ltr'>foret</span> <span class='ocrx_word' id='word_1_158' title='bbox 542 1608 739 1652; x_wconf 79' lang='lat' dir='ltr'>angustae</span> <span class='ocrx_word' id='word_1_159' title='bbox 759 1615 866 1639; x_wconf 87' lang='lat' dir='ltr'>mors</span> <span class='ocrx_word' id='word_1_160' title='bbox 888 1607 959 1640; x_wconf 82' lang='lat' dir='ltr'>tua</span> <span class='ocrx_word' id='word_1_161' title='bbox 979 1605 1131 1641; x_wconf 88' lang='lat' dir='ltr'>crimen</span> <span class='ocrx_word' id='word_1_162' title='bbox 1151 1615 1290 1652; x_wconf 83' lang='lat' dir='ltr'>aquae.</span> <span class='ocrx_word' id='word_1_163' title='bbox 1360 1599 1414 1640; x_wconf 90' lang='lat'>30</span> 
     </span>
    </p>

    <p class='ocr_par' dir='ltr' id='par_1_15' title="bbox 251 1664 1339 1767">
     <span class='ocr_line' id='line_1_27' title="bbox 251 1664 1339 1715; baseline 0.002 -15"><span class='ocrx_word' id='word_1_164' title='bbox 251 1664 354 1701; x_wconf 90' lang='lat' dir='ltr'>Tum</span> <span class='ocrx_word' id='word_1_165' title='bbox 375 1677 505 1713; x_wconf 90' lang='lat' dir='ltr'>neque</span> <span class='ocrx_word' id='word_1_166' title='bbox 526 1677 566 1701; x_wconf 90' lang='lat' dir='ltr'>se</span> <span class='ocrx_word' id='word_1_167' title='bbox 588 1664 712 1714; x_wconf 85' lang='lat' dir='ltr'>pandi</span> <span class='ocrx_word' id='word_1_168' title='bbox 731 1668 904 1713; x_wconf 85' lang='lat' dir='ltr'>possunt</span> <span class='ocrx_word' id='word_1_169' title='bbox 924 1664 1136 1715; x_wconf 83' lang='lat' dir='ltr'>delphines</span> <span class='ocrx_word' id='word_1_170' title='bbox 1158 1665 1200 1702; x_wconf 88' lang='lat' dir='ltr'>in</span> <span class='ocrx_word' id='word_1_171' title='bbox 1220 1677 1339 1702; x_wconf 78' lang='lat' dir='ltr'>auras</span> 
     </span>
     <span class='ocr_line' id='line_1_28' title="bbox 303 1725 1162 1767; baseline 0 -5"><span class='ocrx_word' id='word_1_172' title='bbox 303 1726 483 1767; x_wconf 81' lang='lat' dir='ltr'>Tollere;</span> <span class='ocrx_word' id='word_1_173' title='bbox 514 1730 703 1763; x_wconf 70' lang='lat' dir='ltr'>conantes</span> <span class='ocrx_word' id='word_1_174' title='bbox 724 1725 827 1762; x_wconf 84' lang='lat' dir='ltr'>dura</span> <span class='ocrx_word' id='word_1_175' title='bbox 847 1729 1002 1763; x_wconf 66' lang='lat' dir='ltr'>coercet</span> <span class='ocrx_word' id='word_1_176' title='bbox 1021 1725 1162 1763; x_wconf 83' lang='lat' dir='ltr'>hiems.</span> 
     </span>
    </p>

    <p class='ocr_par' dir='ltr' id='par_1_16' title="bbox 253 1786 1180 1897">
     <span class='ocr_line' id='line_1_29' title="bbox 253 1786 1145 1836; baseline -0.002 -12"><span class='ocrx_word' id='word_1_177' title='bbox 253 1787 303 1824; x_wconf 78' lang='lat' dir='ltr'>Et</span> <span class='ocrx_word' id='word_1_178' title='bbox 326 1788 512 1836; x_wconf 78' lang='lat' dir='ltr'>quamvis</span> <span class='ocrx_word' id='word_1_179' title='bbox 533 1787 673 1823; x_wconf 82' lang='lat' dir='ltr'>boreas</span> <span class='ocrx_word' id='word_1_180' title='bbox 694 1786 856 1824; x_wconf 72' lang='lat' dir='ltr'>iactatis</span> <span class='ocrx_word' id='word_1_181' title='bbox 878 1786 1035 1824; x_wconf 86' lang='lat' dir='ltr'>insonet</span> <span class='ocrx_word' id='word_1_182' title='bbox 1057 1787 1145 1831; x_wconf 79' lang='lat' dir='ltr'>alis,</span> 
     </span>
     <span class='ocr_line' id='line_1_30' title="bbox 306 1847 1180 1897; baseline 0.001 -13"><span class='ocrx_word' id='word_1_183' title='bbox 306 1848 472 1885; x_wconf 77' lang='lat' dir='ltr'>Fluctus</span> <span class='ocrx_word' id='word_1_184' title='bbox 494 1848 535 1884; x_wconf 87' lang='lat' dir='ltr'>in</span> <span class='ocrx_word' id='word_1_185' title='bbox 555 1847 715 1884; x_wconf 79' lang='lat' dir='ltr'>obsesso</span> <span class='ocrx_word' id='word_1_186' title='bbox 735 1847 899 1897; x_wconf 84' lang='lat' dir='ltr'>gurgite</span> <span class='ocrx_word' id='word_1_187' title='bbox 918 1848 1056 1885; x_wconf 85' lang='lat' dir='ltr'>nullus</span> <span class='ocrx_word' id='word_1_188' title='bbox 1077 1848 1155 1885; x_wconf 84' lang='lat' dir='ltr'>erit</span> <span class='ocrx_word' id='word_1_189' title='bbox 1172 1863 1180 1890; x_wconf 88' lang='lat'>;</span> 
     </span>
    </p>

    <p class='ocr_par' dir='ltr' id='par_1_17' title="bbox 251 1906 1412 2020">
     <span class='ocr_line' id='line_1_31' title="bbox 251 1906 1412 1960; baseline 0.001 -14"><span class='ocrx_word' id='word_1_190' title='bbox 251 1909 516 1958; x_wconf 79' lang='lat' dir='ltr'>Inclusaeque</span> <span class='ocrx_word' id='word_1_191' title='bbox 535 1907 631 1957; x_wconf 78' lang='lat' dir='ltr'>gelu</span> <span class='ocrx_word' id='word_1_192' title='bbox 651 1909 817 1945; x_wconf 62' lang='lat' dir='ltr'>stabunt</span> <span class='ocrx_word' id='word_1_193' title='bbox 839 1909 881 1945; x_wconf 88' lang='lat' dir='ltr'>in</span> <span class='ocrx_word' id='word_1_194' title='bbox 901 1922 1100 1947; x_wconf 84' lang='lat' dir='ltr'>marmore</span> <span class='ocrx_word' id='word_1_195' title='bbox 1119 1922 1290 1960; x_wconf 83' lang='lat' dir='ltr'>puppes,</span> <span class='ocrx_word' id='word_1_196' title='bbox 1360 1906 1412 1947; x_wconf 85' lang='lat'>35</span> 
     </span>
     <span class='ocr_line' id='line_1_32' title="bbox 304 1970 1209 2020; baseline 0 -13"><span class='ocrx_word' id='word_1_197' title='bbox 304 1971 387 2007; x_wconf 65' lang='lat' dir='ltr'>Nec</span> <span class='ocrx_word' id='word_1_198' title='bbox 408 1970 558 2020; x_wconf 83' lang='lat' dir='ltr'>poterit</span> <span class='ocrx_word' id='word_1_199' title='bbox 579 1970 730 2019; x_wconf 76' lang='lat' dir='ltr'>rigidas</span> <span class='ocrx_word' id='word_1_200' title='bbox 753 1970 902 2006; x_wconf 84' lang='lat' dir='ltr'>findere</span> <span class='ocrx_word' id='word_1_201' title='bbox 918 1983 1052 2007; x_wconf 78' lang='lat' dir='ltr'>remus</span> <span class='ocrx_word' id='word_1_202' title='bbox 1073 1983 1209 2019; x_wconf 81' lang='lat' dir='ltr'>aquas.</span> 
     </span>
    </p>

    <p class='ocr_par' dir='ltr' id='par_1_18' title="bbox 249 2030 1193 2144">
     <span class='ocr_line' id='line_1_33' title="bbox 249 2030 1173 2083; baseline 0 -14"><span class='ocrx_word' id='word_1_203' title='bbox 249 2030 442 2069; x_wconf 70' lang='lat' dir='ltr'>Vidimus</span> <span class='ocrx_word' id='word_1_204' title='bbox 464 2033 505 2069; x_wconf 85' lang='lat' dir='ltr'>iu</span> <span class='ocrx_word' id='word_1_205' title='bbox 526 2033 655 2083; x_wconf 73' lang='lat' dir='ltr'>glacie</span> <span class='ocrx_word' id='word_1_206' title='bbox 676 2031 804 2081; x_wconf 74' lang='lat' dir='ltr'>pisces</span> <span class='ocrx_word' id='word_1_207' title='bbox 827 2031 991 2069; x_wconf 80' lang='lat' dir='ltr'>haerere</span> <span class='ocrx_word' id='word_1_208' title='bbox 1013 2031 1173 2082; x_wconf 81' lang='lat' dir='ltr'>ligatos,</span> 
     </span>
     <span class='ocr_line' id='line_1_34' title="bbox 305 2093 1193 2144; baseline -0.001 -13"><span class='ocrx_word' id='word_1_209' title='bbox 305 2094 383 2131; x_wconf 67' lang='lat' dir='ltr'>Sed</span> <span class='ocrx_word' id='word_1_210' title='bbox 405 2108 498 2144; x_wconf 70' lang='lat' dir='ltr'>pau-s</span> <span class='ocrx_word' id='word_1_211' title='bbox 520 2109 567 2131; x_wconf 81' lang='lat' dir='ltr'>ex</span> <span class='ocrx_word' id='word_1_212' title='bbox 590 2094 670 2130; x_wconf 83' lang='lat' dir='ltr'>illis</span> <span class='ocrx_word' id='word_1_213' title='bbox 693 2099 789 2130; x_wconf 80' lang='lat' dir='ltr'>tunc</span> <span class='ocrx_word' id='word_1_214' title='bbox 808 2107 966 2143; x_wconf 87' lang='lat' dir='ltr'>quoque</span> <span class='ocrx_word' id='word_1_215' title='bbox 987 2094 1082 2132; x_wconf 75' lang='lat' dir='ltr'>viva</span> <span class='ocrx_word' id='word_1_216' title='bbox 1101 2093 1193 2131; x_wconf 85' lang='lat' dir='ltr'>fuit.</span> 
     </span>
    </p>
   </div>
  </div>
 </body>
</html>
