1491 2390
260 93 352 119 WHY
371 91 502 120 CROWS
523 91 653 118 NEVER.
673 91 797 119 DRINK
817 92 861 118 IN
882 91 1172 119 SUMMER-TIME.
1303 82 1355 121 29

164 194 233 234 Sic
252 195 368 233 Fabii
388 194 537 232 vallem
557 194 653 232 latis
673 193 924 232 discursibus
944 194 1130 245 implent,

215 255 412 306 Quodque
426 256 579 302 vident,
592 259 782 294 sternunt
795 272 803 293 ε
824 269 897 294 neo
909 258 1041 294 metus
1054 257 1160 295 alter
1170 258 1288 296 inest.
1305 258 1358 296 10

163 316 252 366 Quo
271 317 405 363 ruitis,
425 318 621 367 generosa}
639 317 783 354 domus
802 315 820 354 ⁴?
863 317 972 354 Male
991 318 1157 355 creditis
1178 318 1298 356 hosti.

218 377 402 429 Simplex
422 378 626 423 nobilitas,
646 377 806 428 persidii
824 377 904 414 tel&
923 383 1021 415 cave
1039 378 1046 415 l

163 439 323 478 Fraude
342 439 451 490 perit
470 439 614 476 virtus.
671 438 721 475 In
740 442 902 488 apertos
922 439 1102 488 undique
1122 453 1286 490 campos

216 500 443 539 Prosiliunt
463 501 599 539 hostes
618 504 660 538 et
680 500 786 538 letus
806 513 924 538 omne
943 504 1094 538 tenent.

369 601 427 651 (c)
459 602 549 639 And
567 602 624 639 all
644 603 709 639 but
731 601 811 640 One
830 616 924 639 were
945 602 1073 641 Slain.

111 705 118 716 .
164 675 273 725 Quid
292 676 448 714 faciant
466 677 586 727 pauci
606 681 748 714 contra
767 680 829 714 tot
847 677 963 715 milia
981 678 1107 715 fortes
1124 676 1142 716 P

216 736 388 786 Quidve,
408 738 516 787 quod
536 738 579 775 in
597 740 743 776 misero
763 742 945 789 tempore
965 743 1103 783 restet,
1124 739 1277 778 habent
1295 738 1317 778 Ρ

163 799 280 837 Sicut
299 813 398 850 aper
417 799 531 836 silvis
552 800 671 850 longe
692 799 965 838 Laurentibus
986 803 1098 838 actus

216 861 429 899 Fulmineo
449 861 596 899 celeres
617 861 792 912 dissipat
810 875 878 900 ore
898 864 1027 907 εἴωθε,

163 921 260 960 Mox
280 926 417 959 tamen
436 922 524 972 ipse
543 922 671 972 perit:
702 923 760 960 sic
779 935 860 960 non
879 923 1111 960 moriuntur
1129 923 1275 969 inulti3
1330 924 1357 962 5

215 982 473 1032 Volneraque
494 983 650 1020 alternssa
670 983 848 1032 dantque
867 983 1086 1033 feruntque
1105 997 1240 1021 manu.

162 1043 258 1082 Una}
277 1044 362 1081 dies
383 1044 415 1080 F
419 1044 528 1081 {xbios
547 1044 599 1081 ad
619 1044 771 1082 bellum
791 1045 959 1082 miserat
978 1058 1116 1083 omnes
1134 1061 1141 1090 3

215 1106 283 1143 Ad
297 1105 449 1143 bellum
469 1105 612 1143 missos
634 1106 813 1156 perdidit
832 1110 911 1143 unzi
931 1107 1027 1144 dies.

163 1166 223 1205 Ut
243 1171 382 1203 tamen
402 1166 626 1204 He1²cult⁹2ae
645 1171 904 1216 superessent
924 1167 1079 1204 semina
1097 1167 1244 1217 gentis,

216 1227 421 1266 Credibile
441 1231 503 1265 est
522 1228 631 1278 ipsos
651 1228 902 1266 consuluisse
922 1228 1027 1266 deos.
1293 1228 1359 1277 ι1οι

161 1288 269 1326 Nam
289 1302 391 1339 puer
409 1288 607 1339 impubes,
628 1292 668 1326 et
688 1289 821 1326 adhuc
840 1302 922 1326 non
941 1289 1056 1327 utilis
1076 1289 1212 1337 armis,

215 1350 333 1388 Unus
354 1351 403 1388 de
425 1350 549 1388 Fabia
567 1355 688 1401 gente
707 1351 874 1388 relictus
895 1355 992 1389 erat.

164 1410 329 1450 Scilicet
347 1416 394 1449 ut
412 1424 550 1462 posses
570 1411 667 1449 olim
687 1415 745 1457 tu,
767 1412 957 1457 Maxime,
978 1411 1102 1458 nasci,

216 1471 294 1510 Cui
313 1486 376 1511 res
396 1473 625 1511 cunctando
644 1473 894 1511 restituendi}
914 1472 1030 1511 foret.

199 1593 316 1640 Why
335 1594 485 1631 Crows
504 1605 644 1632 never
663 1593 798 1631 drink
815 1594 866 1630 in
885 1595 1238 1632 summer-time.

111 1697 118 1708 .
163 1669 285 1708 Forte
305 1671 394 1708 Iovi
416 1670 603 1708 Phoebus
623 1670 774 1708 festum
795 1670 989 1708 sollemne
1008 1671 1236 1721 parabat—-

215 1731 308 1770 Non
327 1732 451 1770 faciet
471 1732 613 1782 longas
633 1731 773 1769 fabula
790 1733 929 1770 nostrii.
947 1745 1080 1770 moras
1103 1749 1167 1769 :—

163 1794 185 1810 “
202 1792 234 1837 Ι,
255 1796 342 1830 meh
356 1792 377 1806 ”
399 1793 504 1830 dixit
525 1796 546 1811 “
563 1793 662 1838 avis,
681 1806 732 1830 ne
752 1793 850 1843 quid
869 1793 937 1844 pizi
954 1795 1068 1830 sacr&
1086 1796 1280 1839 moretur,

215 1853 270 1891 Et
289 1858 453 1891 tenuem
473 1854 578 1891 vivis
599 1854 782 1892 fontibus
802 1854 904 1892 affer
922 1853 1107 1903 aquam.”

163 1913 319 1953 Corvus
340 1915 574 1952 inauratum
594 1915 765 1966 pedibus
785 1919 944 1953 cratera
962 1915 1141 1953 recurvis
1328 1914 1359 1953 51

215 1976 352 2021 Tollit,
374 1980 415 2014 et
434 1976 589 2013 aerium
609 1976 794 2026 pervolat
813 1976 922 2014 altus
942 1977 1030 2014 iter.

166 2035 313 2075 Stabat
332 2037 465 2075 adhuc
485 2037 598 2075 duris
617 2038 716 2075 ficus
736 2037 977 2075 densissimii,
995 2037 1125 2088 pomis
1143 2054 1150 2074 :

217 2098 409 2149 Temptat
428 2112 517 2136 eam
536 2102 689 2144 rostro;
718 2112 801 2136 non
819 2103 907 2137 erat
926 2101 1022 2150 apt5
1045 2099 1137 2149 legi.

163 2158 384 2197 Immemor
401 2159 563 2210 imperii
582 2159 733 2198 sedisse
752 2159 828 2197 sub
848 2160 989 2198 arbore
1008 2159 1153 2205 fertur,

217 2220 327 2258 Dum
346 2221 489 2259 fierent
508 2221 626 2258 tarda
645 2221 781 2259 dulcia
799 2235 920 2272 poma
938 2226 1060 2259 mora.
1303 2217 1363 2259 lOt
