1491 2390
164 134 253 162 HOW
282 135 358 161 THE
390 135 536 162 SACRED
568 135 712 161 SHIELD
742 135 836 162 FELL
867 134 970 162 FROM
1000 134 1168 160 HEAVEN.
1251 121 1301 160 43

145 238 312 288 Iamque
331 251 474 275 nemus
495 237 660 283 Bacchi,
683 237 815 274 Tmoli
834 237 985 281 vineta,
1006 236 1181 274 tenebat.
1280 235 1305 272 5

199 299 408 349 Hesperus
429 303 469 336 et
488 298 602 336 fusco
622 298 804 336 roscidus
825 298 912 335 ibat
931 310 1042 347 equo.

144 360 280 398 Antra
300 359 412 396 subit
431 360 522 397 tofis
543 360 733 409 laqueata
752 363 792 396 et
811 359 972 409 pumice
991 359 1085 395 vivo
1103 374 1110 403 ;

201 420 402 458 Garrulus
422 421 466 457 in
485 421 616 471 primo
637 420 777 457 limine
797 420 909 457 rivus
930 424 1027 457 erat.

147 482 337 531 Dumque
357 486 506 532 parant
524 482 666 532 epulas
687 482 945 532 potandaque
964 482 1059 518 Vina
1081 480 1270 523 ministri,

201 543 392 581 Cultibus
412 544 587 581 Alciden
605 543 775 580 instruit
795 543 867 580 illa
886 543 980 580 suis.
1265 540 1313 578 1Ο

150 604 235 643 Dat
255 610 398 642 tenues
419 605 578 642 tunicas
601 604 775 643 Gaetulo
795 605 948 642 musice
969 605 1132 648 tinctas,

203 667 287 703 Dat
308 671 479 704 teretem
500 680 653 712 zonam,
674 679 754 716 qua
773 667 890 703 modo
911 666 1043 703 cincta
1062 665 1154 702 fuit.

149 727 307 766 Ventre
327 728 460 765 minor
479 742 579 765 zona
597 732 659 766 est
676 744 684 773 ;
714 729 946 766 tunicarum
965 727 1101 765 vincla
1119 727 1288 769 relaxat,

205 789 265 826 Ut
284 793 422 839 posset
441 793 578 826 vastas
600 789 824 826 exseruisse
844 802 1000 826 manus.

153 850 347 899 Fregerat
369 850 549 886 armillas
570 863 650 887 non
670 850 742 887 illa
760 850 812 886 ad
832 849 998 887 brachia
1016 849 1159 892 factas,
1271 847 1317 884 15

212 910 461 948 Scindebant
480 911 620 960 magni
640 911 805 948 tincula
824 924 953 961 parva
971 911 1104 961 pedes.

156 973 254 1023 Ipsa
274 973 384 1022 capit
405 972 641 1021 clavamque
661 985 828 1022 gravem
849 973 1103 1022 spoliumque
1123 970 1248 1008 leonis

212 1033 466 1082 Conditaque
486 1033 529 1069 in
548 1033 743 1084 pharetra
761 1033 843 1070 tela
862 1033 1019 1070 minora
1039 1046 1122 1070 sua.

147 1152 259 1188 How
285 1151 367 1187 the
396 1150 564 1187 sacred
593 1150 751 1187 Shield
778 1151 861 1187 fell
887 1149 1004 1186 stom
1032 1150 1233 1185 Eeaven.

52 1225 115 1267 31.
163 1227 300 1263 Mollis
320 1230 409 1263 erat
428 1227 549 1263 tellus
568 1231 706 1264 rorata
723 1240 842 1264 mane
861 1226 1030 1276 pruina:

212 1289 321 1325 Ante
342 1288 406 1324 sui
424 1288 598 1338 populus
620 1288 762 1325 limina
781 1288 887 1338 regis
909 1287 1034 1324 adest.

165 1349 316 1395 Prodit,
338 1354 379 1386 et
398 1350 442 1386 in
461 1350 560 1387 solio
579 1350 736 1387 medius
758 1349 938 1387 consedit
959 1362 1112 1386 acerno.

216 1410 427 1448 Innumeri
447 1410 553 1447 circa
574 1416 764 1460 stantque
785 1411 986 1459 silentque
1005 1410 1094 1446 viri.

165 1471 291 1510 Ortus
305 1474 392 1508 erat
408 1485 565 1508 summo
581 1472 863 1509 tantummodo
876 1471 1060 1521 margine
1078 1469 1265 1507 Phoebus
1280 1485 1287 1506 ι
1302 1468 1324 1506 5

221 1533 428 1571 Sollicitae
448 1538 603 1570 mentes
625 1547 773 1583 speque
793 1537 984 1582 metuque
1004 1536 1166 1582 pavent.

169 1593 377 1639 Constitit,
400 1599 521 1644 atque
542 1599 664 1645 caput
684 1595 801 1632 niveo
821 1595 980 1632 velatus
1001 1594 1152 1631 amictu

221 1657 308 1694 Iam
328 1657 429 1694 bene
450 1657 511 1693 dis
533 1662 648 1693 notas
669 1656 838 1693 sustulit
858 1656 926 1693 ille
947 1669 1103 1699 manus,

168 1718 304 1767 Atque
319 1718 378 1755 ita
394 1718 603 1768 “Tempus
620 1718 734 1755 adest
748 1717 938 1768 promissi
952 1715 1171 1761 muneris‚”
1185 1715 1328 1764 inquit,

226 1782 248 1797 ‘⁵'
265 1778 496 1816 Pollicitam
517 1779 649 1822 dictis,
671 1779 869 1828 Iuppiter,
891 1779 994 1816 adde
1014 1777 1172 1815 fidem.”
1284 1775 1332 1813 10

171 1840 282 1877 Dum
302 1840 493 1889 loquitur,
516 1845 648 1877 totum
668 1840 749 1877 iam
770 1840 829 1877 sol
849 1844 1055 1877 emoverat
1075 1839 1225 1883 orbem,

226 1901 279 1938 Et
298 1902 436 1951 graxds
457 1902 636 1939 aetherio
657 1902 770 1938 venit
790 1901 839 1938 ab
860 1915 933 1938 axe
953 1901 1103 1951 fragor.

175 1963 254 2000 Ter
273 1963 407 2000 tonuit
427 1964 514 2000 sine
532 1963 640 2000 nube
661 1964 771 2007 (16115,
793 1963 873 2000 tria
891 1963 1058 2013 fulgura
1078 1962 1200 1999 misit.

231 2023 394 2061 Credite
415 2024 566 2061 dicenti
583 2040 590 2060 :
620 2024 735 2068 mira,
757 2024 827 2061 sed
847 2027 949 2068 acta,
970 2023 1132 2072 loquor:

174 2085 214 2123 A
231 2086 365 2122 media
384 2085 540 2122 caelum
559 2085 722 2135 regione
742 2085 948 2122 dehiscere
968 2084 1167 2134 coepit.-—
1289 2081 1336 2119 15

231 2145 477 2182 Summisere
497 2146 631 2183 oculos
652 2159 743 2182 cum
765 2145 864 2182 duee
885 2145 1006 2181 turba
1026 2157 1151 2180 suo—

178 2206 281 2243 Ecce
301 2206 381 2243 levi
401 2210 562 2243 scutum
582 2210 790 2243 versatum
810 2205 958 2243 leniter
976 2217 1073 2242 aura

231 2266 404 2303 Decidit.
462 2266 502 2303 A
519 2266 670 2316 populo
690 2266 842 2303 clamor
860 2265 913 2302 ad
932 2270 1043 2302 astra
1063 2265 1187 2302 venit.
