<?xml version="1.0" encoding="UTF-8"?>
<!DOCTYPE html PUBLIC "-//W3C//DTD XHTML 1.0 Transitional//EN"
    "http://www.w3.org/TR/xhtml1/DTD/xhtml1-transitional.dtd">
<html xmlns="http://www.w3.org/1999/xhtml" xml:lang="en" lang="en">
 <head>
  <title>
</title>
<meta http-equiv="Content-Type" content="text/html;charset=utf-8" />
  <meta name='ocr-system' content='tesseract 3.04.00' />
  <meta name='ocr-capabilities' content='ocr_page ocr_carea ocr_par ocr_line ocrx_word'/>
</head>
<body>
  <div class='ocr_page' id='page_1' title='image "./storiesfromovid00oviduoft_0042.png"; bbox 0 0 1491 2390; ppageno 0'>
   <div class='ocr_carea' id='block_1_1' title="bbox 197 108 1042 149">
    <p class='ocr_par' dir='ltr' id='par_1_1' title="bbox 197 108 1042 149">
     <span class='ocr_line' id='line_1_1' title="bbox 197 108 1042 149; baseline -0.002 -3"><span class='ocrx_word' id='word_1_1' title='bbox 197 108 250 149; x_wconf 88' lang='lat'>38</span> <span class='ocrx_word' id='word_1_2' title='bbox 622 118 791 146; x_wconf 70' lang='lat' dir='ltr'>s&#39;ronms-</span> <span class='ocrx_word' id='word_1_3' title='bbox 806 118 911 145; x_wconf 66' lang='lat' dir='ltr'>raom</span> <span class='ocrx_word' id='word_1_4' title='bbox 939 118 1042 146; x_wconf 84' lang='lat' dir='ltr'>cvm.</span> 
     </span>
    </p>
   </div>
   <div class='ocr_carea' id='block_1_2' title="bbox 293 222 1478 702">
    <p class='ocr_par' dir='ltr' id='par_1_2' title="bbox 293 222 1478 702">
     <span class='ocr_line' id='line_1_2' title="bbox 297 222 1451 274; baseline 0.001 -12"><span class='ocrx_word' id='word_1_5' title='bbox 297 224 338 262; x_wconf 86' lang='lat' dir='ltr'>N</span> <span class='ocrx_word' id='word_1_6' title='bbox 339 237 418 262; x_wconf 88' lang='lat' dir='ltr'>unc</span> <span class='ocrx_word' id='word_1_7' title='bbox 438 227 534 274; x_wconf 74' lang='lat' dir='ltr'>opto</span> <span class='ocrx_word' id='word_1_8' title='bbox 554 236 731 268; x_wconf 79' lang='lat' dir='ltr'>currum,</span> <span class='ocrx_word' id='word_1_9' title='bbox 752 223 803 260; x_wconf 89' lang='lat' dir='ltr'>de</span> <span class='ocrx_word' id='word_1_10' title='bbox 822 236 901 272; x_wconf 90' lang='lat' dir='ltr'>quo</span> <span class='ocrx_word' id='word_1_11' title='bbox 922 222 1107 261; x_wconf 80' lang='lat' dir='ltr'>Cerealia</span> <span class='ocrx_word' id='word_1_12' title='bbox 1125 223 1306 274; x_wconf 86' lang='lat' dir='ltr'>primum</span> <span class='ocrx_word' id='word_1_13' title='bbox 1406 223 1451 263; x_wconf 85' lang='lat'>15</span> 
     </span>
     <span class='ocr_line' id='line_1_3' title="bbox 353 284 1227 324; baseline -0.001 -1"><span class='ocrx_word' id='word_1_14' title='bbox 353 285 517 324; x_wconf 83' lang='lat' dir='ltr'>Semina</span> <span class='ocrx_word' id='word_1_15' title='bbox 537 288 737 322; x_wconf 74' lang='lat' dir='ltr'>venerunt</span> <span class='ocrx_word' id='word_1_16' title='bbox 756 284 800 320; x_wconf 88' lang='lat' dir='ltr'>in</span> <span class='ocrx_word' id='word_1_17' title='bbox 819 284 920 320; x_wconf 84' lang='lat' dir='ltr'>rude</span> <span class='ocrx_word' id='word_1_18' title='bbox 939 284 1066 321; x_wconf 88' lang='lat' dir='ltr'>missa</span> <span class='ocrx_word' id='word_1_19' title='bbox 1085 285 1227 322; x_wconf 88' lang='lat' dir='ltr'>solum.</span> 
     </span>
     <span class='ocr_line' id='line_1_4' title="bbox 295 346 1309 397; baseline -0.001 -13"><span class='ocrx_word' id='word_1_20' title='bbox 295 347 537 397; x_wconf 69' lang='lat' dir='ltr'>Prodigiosa</span> <span class='ocrx_word' id='word_1_21' title='bbox 555 346 698 395; x_wconf 82' lang='lat' dir='ltr'>loquor</span> <span class='ocrx_word' id='word_1_22' title='bbox 716 353 902 382; x_wconf 78' lang='lat' dir='ltr'>veterum</span> <span class='ocrx_word' id='word_1_23' title='bbox 922 346 1135 383; x_wconf 86' lang='lat' dir='ltr'>mendacia</span> <span class='ocrx_word' id='word_1_24' title='bbox 1154 350 1309 391; x_wconf 76' lang='lat' dir='ltr'>vatum,</span> 
     </span>
     <span class='ocr_line' id='line_1_5' title="bbox 347 406 1336 455; baseline -0.002 -9"><span class='ocrx_word' id='word_1_25' title='bbox 347 409 431 446; x_wconf 88' lang='lat' dir='ltr'>Nec</span> <span class='ocrx_word' id='word_1_26' title='bbox 451 408 549 444; x_wconf 76' lang='lat' dir='ltr'>tulit</span> <span class='ocrx_word' id='word_1_27' title='bbox 570 407 669 444; x_wconf 90' lang='lat' dir='ltr'>haec</span> <span class='ocrx_word' id='word_1_28' title='bbox 688 419 883 455; x_wconf 86' lang='lat' dir='ltr'>umquam</span> <span class='ocrx_word' id='word_1_29' title='bbox 903 419 977 443; x_wconf 87' lang='lat' dir='ltr'>nec</span> <span class='ocrx_word' id='word_1_30' title='bbox 997 406 1101 443; x_wconf 79' lang='lat' dir='ltr'>feret</span> <span class='ocrx_word' id='word_1_31' title='bbox 1121 407 1207 444; x_wconf 87' lang='lat' dir='ltr'>ulla</span> <span class='ocrx_word' id='word_1_32' title='bbox 1227 407 1336 453; x_wconf 72' lang='lat' dir='ltr'>djes3</span> 
     </span>
     <span class='ocr_line' id='line_1_6' title="bbox 293 467 1197 519; baseline -0.001 -13"><span class='ocrx_word' id='word_1_33' title='bbox 293 470 356 506; x_wconf 89' lang='lat' dir='ltr'>Tu</span> <span class='ocrx_word' id='word_1_34' title='bbox 375 469 522 519; x_wconf 77' lang='lat' dir='ltr'>potius,</span> <span class='ocrx_word' id='word_1_35' title='bbox 543 468 645 518; x_wconf 85' lang='lat' dir='ltr'>ripis</span> <span class='ocrx_word' id='word_1_36' title='bbox 667 467 795 504; x_wconf 83' lang='lat' dir='ltr'>effuse</span> <span class='ocrx_word' id='word_1_37' title='bbox 815 467 1033 517; x_wconf 83' lang='lat' dir='ltr'>capacibus</span> <span class='ocrx_word' id='word_1_38' title='bbox 1054 468 1197 513; x_wconf 82' lang='lat' dir='ltr'>amm&#39;s,</span> 
     </span>
     <span class='ocr_line' id='line_1_7' title="bbox 348 528 1478 579; baseline 0 -11"><span class='ocrx_word' id='word_1_39' title='bbox 348 530 437 579; x_wconf 84' lang='lat' dir='ltr'>(Sic</span> <span class='ocrx_word' id='word_1_40' title='bbox 457 534 646 567; x_wconf 76' lang='lat' dir='ltr'>aeternus</span> <span class='ocrx_word' id='word_1_41' title='bbox 668 542 735 566; x_wconf 87' lang='lat' dir='ltr'>eas</span> <span class='ocrx_word' id='word_1_42' title='bbox 751 528 780 577; x_wconf 73' lang='lat' dir='ltr'>l)</span> <span class='ocrx_word' id='word_1_43' title='bbox 804 528 941 566; x_wconf 85' lang='lat' dir='ltr'>labere</span> <span class='ocrx_word' id='word_1_44' title='bbox 960 529 1039 566; x_wconf 89' lang='lat' dir='ltr'>fine</span> <span class='ocrx_word' id='word_1_45' title='bbox 1059 530 1152 566; x_wconf 84' lang='lat' dir='ltr'>t-uo!</span> <span class='ocrx_word' id='word_1_46' title='bbox 1405 529 1478 568; x_wconf 60' lang='lat'>20⁴</span> 
     </span>
     <span class='ocr_line' id='line_1_8' title="bbox 295 590 1389 637; baseline 0.001 -9"><span class='ocrx_word' id='word_1_47' title='bbox 295 591 387 629; x_wconf 88' lang='lat' dir='ltr'>Non</span> <span class='ocrx_word' id='word_1_48' title='bbox 406 591 484 628; x_wconf 85' lang='lat' dir='ltr'>eris</span> <span class='ocrx_word' id='word_1_49' title='bbox 504 590 696 635; x_wconf 82' lang='lat' dir='ltr'>invidiae,</span> <span class='ocrx_word' id='word_1_50' title='bbox 718 594 890 634; x_wconf 76' lang='lat' dir='ltr'>torrens,</span> <span class='ocrx_word' id='word_1_51' title='bbox 913 590 1015 626; x_wconf 86' lang='lat' dir='ltr'>mihi</span> <span class='ocrx_word' id='word_1_52' title='bbox 1035 590 1164 635; x_wconf 81' lang='lat' dir='ltr'>crede,</span> <span class='ocrx_word' id='word_1_53' title='bbox 1185 590 1389 637; x_wconf 81' lang='lat' dir='ltr'>ferendae,</span> 
     </span>
     <span class='ocr_line' id='line_1_9' title="bbox 349 651 1181 702; baseline -0.001 -12"><span class='ocrx_word' id='word_1_54' title='bbox 349 652 393 690; x_wconf 82' lang='lat' dir='ltr'>Si</span> <span class='ocrx_word' id='word_1_55' title='bbox 409 653 521 689; x_wconf 77' lang='lat' dir='ltr'>dicar</span> <span class='ocrx_word' id='word_1_56' title='bbox 539 665 614 702; x_wconf 81' lang='lat' dir='ltr'>per</span> <span class='ocrx_word' id='word_1_57' title='bbox 633 655 673 689; x_wconf 78' lang='lat' dir='ltr'>te</span> <span class='ocrx_word' id='word_1_58' title='bbox 694 651 801 689; x_wconf 76' lang='lat' dir='ltr'>forte</span> <span class='ocrx_word' id='word_1_59' title='bbox 821 655 1006 688; x_wconf 79' lang='lat' dir='ltr'>retentus</span> <span class='ocrx_word' id='word_1_60' title='bbox 1027 664 1181 689; x_wconf 88' lang='lat' dir='ltr'>amans.</span> 
     </span>
    </p>
   </div>
   <div class='ocr_carea' id='block_1_3' title="bbox 491 768 1154 814">
    <p class='ocr_par' dir='ltr' id='par_1_3' title="bbox 491 768 1154 814">
     <span class='ocr_line' id='line_1_10' title="bbox 491 768 1154 814; baseline 0.002 -10"><span class='ocrx_word' id='word_1_61' title='bbox 491 768 607 804; x_wconf 69' lang='lat' dir='ltr'>evici</span> <span class='ocrx_word' id='word_1_62' title='bbox 639 768 812 805; x_wconf 74' lang='lat' dir='ltr'>writes</span> <span class='ocrx_word' id='word_1_63' title='bbox 840 768 915 805; x_wconf 63' lang='grc' dir='ltr'>ωε</span> <span class='ocrx_word' id='word_1_64' title='bbox 944 768 1154 814; x_wconf 67' lang='lat' dir='ltr'>Epitaph.</span> 
     </span>
    </p>
   </div>
   <div class='ocr_carea' id='block_1_4' title="bbox 182 840 1447 1265">
    <p class='ocr_par' dir='ltr' id='par_1_4' title="bbox 182 840 1447 1265">
     <span class='ocr_line' id='line_1_11' title="bbox 182 840 1363 884; baseline 0.002 -2"><span class='ocrx_word' id='word_1_65' title='bbox 182 840 245 883; x_wconf 81' lang='lat'>25.</span> <span class='ocrx_word' id='word_1_66' title='bbox 287 844 394 882; x_wconf 85' lang='lat' dir='ltr'>Nam</span> <span class='ocrx_word' id='word_1_67' title='bbox 416 845 450 881; x_wconf 89' lang='lat' dir='ltr'>si</span> <span class='ocrx_word' id='word_1_68' title='bbox 480 848 608 881; x_wconf 75' lang='lat' dir='ltr'>morte</span> <span class='ocrx_word' id='word_1_69' title='bbox 629 857 770 881; x_wconf 82' lang='lat' dir='ltr'>carens</span> <span class='ocrx_word' id='word_1_70' title='bbox 790 858 919 882; x_wconf 84' lang='lat' dir='ltr'>vacua</span> <span class='ocrx_word' id='word_1_71' title='bbox 939 845 1052 882; x_wconf 76' lang='lat' dir='ltr'>volat</span> <span class='ocrx_word' id='word_1_72' title='bbox 1073 845 1181 883; x_wconf 77' lang='lat' dir='ltr'>altus</span> <span class='ocrx_word' id='word_1_73' title='bbox 1201 846 1246 882; x_wconf 86' lang='lat' dir='ltr'>in</span> <span class='ocrx_word' id='word_1_74' title='bbox 1264 859 1363 884; x_wconf 84' lang='lat' dir='ltr'>aura</span> 
     </span>
     <span class='ocr_line' id='line_1_12' title="bbox 347 905 1250 956; baseline 0.002 -14"><span class='ocrx_word' id='word_1_75' title='bbox 347 905 539 956; x_wconf 76' lang='lat' dir='ltr'>Spiritus,</span> <span class='ocrx_word' id='word_1_76' title='bbox 561 910 602 943; x_wconf 78' lang='lat' dir='ltr'>et</span> <span class='ocrx_word' id='word_1_77' title='bbox 624 905 754 943; x_wconf 84' lang='lat' dir='ltr'>Samii</span> <span class='ocrx_word' id='word_1_78' title='bbox 774 910 870 943; x_wconf 76' lang='lat' dir='ltr'>sunt</span> <span class='ocrx_word' id='word_1_79' title='bbox 889 910 980 943; x_wconf 85' lang='lat' dir='ltr'>rata</span> <span class='ocrx_word' id='word_1_80' title='bbox 1000 906 1110 944; x_wconf 82' lang='lat' dir='ltr'>dicta</span> <span class='ocrx_word' id='word_1_81' title='bbox 1130 907 1250 951; x_wconf 73' lang='lat' dir='ltr'>sem&#39;s,</span> 
     </span>
     <span class='ocr_line' id='line_1_13' title="bbox 288 967 1318 1018; baseline 0.004 -15"><span class='ocrx_word' id='word_1_82' title='bbox 288 967 403 1004; x_wconf 78' lang='lat' dir='ltr'>Inter</span> <span class='ocrx_word' id='word_1_83' title='bbox 425 967 674 1005; x_wconf 81' lang='lat' dir='ltr'>Sarmaticas</span> <span class='ocrx_word' id='word_1_84' title='bbox 696 967 883 1004; x_wconf 86' lang='lat' dir='ltr'>Romana</span> <span class='ocrx_word' id='word_1_85' title='bbox 902 968 1123 1018; x_wconf 74' lang='lat' dir='ltr'>vagabitur</span> <span class='ocrx_word' id='word_1_86' title='bbox 1141 969 1318 1013; x_wconf 82' lang='lat' dir='ltr'>umbras,</span> 
     </span>
     <span class='ocr_line' id='line_1_14' title="bbox 343 1028 1272 1080; baseline 0.002 -15"><span class='ocrx_word' id='word_1_87' title='bbox 343 1028 499 1078; x_wconf 82' lang='lat' dir='ltr'>Perque</span> <span class='ocrx_word' id='word_1_88' title='bbox 519 1029 626 1066; x_wconf 80' lang='lat' dir='ltr'>feros</span> <span class='ocrx_word' id='word_1_89' title='bbox 647 1042 787 1066; x_wconf 84' lang='lat' dir='ltr'>manes</span> <span class='ocrx_word' id='word_1_90' title='bbox 808 1029 972 1079; x_wconf 83' lang='lat' dir='ltr'>hospita</span> <span class='ocrx_word' id='word_1_91' title='bbox 993 1043 1153 1080; x_wconf 87' lang='lat' dir='ltr'>semper</span> <span class='ocrx_word' id='word_1_92' title='bbox 1172 1031 1272 1075; x_wconf 85' lang='lat' dir='ltr'>erit;</span> 
     </span>
     <span class='ocr_line' id='line_1_15' title="bbox 289 1088 1447 1140; baseline 0.005 -14"><span class='ocrx_word' id='word_1_93' title='bbox 289 1088 392 1127; x_wconf 82' lang='lat' dir='ltr'>Ossa</span> <span class='ocrx_word' id='word_1_94' title='bbox 412 1094 551 1127; x_wconf 78' lang='lat' dir='ltr'>tamen</span> <span class='ocrx_word' id='word_1_95' title='bbox 570 1090 695 1127; x_wconf 77' lang='lat' dir='ltr'>facito</span> <span class='ocrx_word' id='word_1_96' title='bbox 715 1103 846 1140; x_wconf 79' lang='lat' dir='ltr'>parva</span> <span class='ocrx_word' id='word_1_97' title='bbox 865 1090 1100 1128; x_wconf 78' lang='lat' dir='ltr'>referantur</span> <span class='ocrx_word' id='word_1_98' title='bbox 1118 1091 1162 1128; x_wconf 88' lang='lat' dir='ltr'>in</span> <span class='ocrx_word' id='word_1_99' title='bbox 1180 1105 1284 1129; x_wconf 81' lang='lat' dir='ltr'>urna</span> <span class='ocrx_word' id='word_1_100' title='bbox 1298 1109 1361 1129; x_wconf 76' lang='lat'>2—</span> <span class='ocrx_word' id='word_1_101' title='bbox 1425 1095 1447 1132; x_wconf 88' lang='lat'>5</span> 
     </span>
     <span class='ocr_line' id='line_1_16' title="bbox 344 1149 1169 1199; baseline 0.001 -12"><span class='ocrx_word' id='word_1_102' title='bbox 344 1149 411 1187; x_wconf 84' lang='lat' dir='ltr'>Sic</span> <span class='ocrx_word' id='word_1_103' title='bbox 432 1164 504 1199; x_wconf 82' lang='lat' dir='ltr'>ego</span> <span class='ocrx_word' id='word_1_104' title='bbox 525 1164 606 1187; x_wconf 89' lang='lat' dir='ltr'>non</span> <span class='ocrx_word' id='word_1_105' title='bbox 626 1151 751 1188; x_wconf 83' lang='lat' dir='ltr'>etiam</span> <span class='ocrx_word' id='word_1_106' title='bbox 770 1154 956 1188; x_wconf 81' lang='lat' dir='ltr'>mortuus</span> <span class='ocrx_word' id='word_1_107' title='bbox 977 1151 1071 1188; x_wconf 79' lang='lat' dir='ltr'>exul</span> <span class='ocrx_word' id='word_1_108' title='bbox 1092 1163 1169 1189; x_wconf 87' lang='lat' dir='ltr'>ero.</span> 
     </span>
     <span class='ocr_line' id='line_1_17' title="bbox 289 1210 1447 1265; baseline 0.005 -17"><span class='ocrx_word' id='word_1_109' title='bbox 289 1210 383 1248; x_wconf 86' lang='lat' dir='ltr'>Non</span> <span class='ocrx_word' id='word_1_110' title='bbox 403 1216 516 1249; x_wconf 76' lang='lat' dir='ltr'>vetat</span> <span class='ocrx_word' id='word_1_111' title='bbox 536 1212 612 1249; x_wconf 90' lang='lat' dir='ltr'>hoc</span> <span class='ocrx_word' id='word_1_112' title='bbox 643 1213 860 1262; x_wconf 83' lang='lat' dir='ltr'>quisquam</span> <span class='ocrx_word' id='word_1_113' title='bbox 877 1229 884 1250; x_wconf 72' lang='grc' dir='ltr'>ε</span> <span class='ocrx_word' id='word_1_114' title='bbox 928 1212 1100 1250; x_wconf 83' lang='lat' dir='ltr'>fratrem</span> <span class='ocrx_word' id='word_1_115' title='bbox 1134 1213 1328 1252; x_wconf 83' lang='lat' dir='ltr'>Thebana-</span> <span class='ocrx_word' id='word_1_116' title='bbox 1359 1228 1447 1265; x_wconf 88' lang='lat' dir='ltr'>per·</span> 
     </span>
    </p>
   </div>
   <div class='ocr_carea' id='block_1_5' title="bbox 342 1278 1231 1377">
    <p class='ocr_par' dir='ltr' id='par_1_5' title="bbox 342 1278 1231 1377">
     <span class='ocr_line' id='line_1_18' title="bbox 394 1278 578 1323; baseline 0 -13"><span class='ocrx_word' id='word_1_117' title='bbox 394 1278 578 1323; x_wconf 85' lang='lat' dir='ltr'>emptum</span> 
     </span>
     <span class='ocr_line' id='line_1_19' title="bbox 342 1324 1231 1377; baseline 0.002 -15"><span class='ocrx_word' id='word_1_118' title='bbox 342 1324 567 1376; x_wconf 79' lang='lat' dir='ltr'>Supposuit</span> <span class='ocrx_word' id='word_1_119' title='bbox 588 1326 746 1363; x_wconf 82' lang='lat' dir='ltr'>tumulo</span> <span class='ocrx_word' id='word_1_120' title='bbox 766 1340 861 1377; x_wconf 88' lang='lat' dir='ltr'>rege</span> <span class='ocrx_word' id='word_1_121' title='bbox 881 1331 1046 1364; x_wconf 74' lang='lat' dir='ltr'>vetante</span> <span class='ocrx_word' id='word_1_122' title='bbox 1066 1339 1231 1365; x_wconf 70' lang='lat' dir='ltr'>soror—</span> 
     </span>
    </p>
   </div>
   <div class='ocr_carea' id='block_1_6' title="bbox 278 1385 1446 2291">
    <p class='ocr_par' dir='ltr' id='par_1_6' title="bbox 283 1385 1446 1499">
     <span class='ocr_line' id='line_1_20' title="bbox 283 1385 1306 1438; baseline 0.003 -15"><span class='ocrx_word' id='word_1_123' title='bbox 283 1385 420 1436; x_wconf 77' lang='lat' dir='ltr'>Atque</span> <span class='ocrx_word' id='word_1_124' title='bbox 442 1400 488 1424; x_wconf 83' lang='lat' dir='ltr'>ea</span> <span class='ocrx_word' id='word_1_125' title='bbox 509 1400 600 1424; x_wconf 89' lang='lat' dir='ltr'>cum</span> <span class='ocrx_word' id='word_1_126' title='bbox 620 1387 731 1424; x_wconf 79' lang='lat' dir='ltr'>foliis</span> <span class='ocrx_word' id='word_1_127' title='bbox 752 1392 793 1424; x_wconf 80' lang='lat' dir='ltr'>et</span> <span class='ocrx_word' id='word_1_128' title='bbox 813 1387 962 1424; x_wconf 84' lang='lat' dir='ltr'>amomi</span> <span class='ocrx_word' id='word_1_129' title='bbox 982 1387 1151 1438; x_wconf 81' lang='lat' dir='ltr'>pulvere</span> <span class='ocrx_word' id='word_1_130' title='bbox 1171 1389 1306 1434; x_wconf 87' lang='lat' dir='ltr'>misce,</span> 
     </span>
     <span class='ocr_line' id='line_1_21' title="bbox 339 1448 1446 1499; baseline 0.004 -14"><span class='ocrx_word' id='word_1_131' title='bbox 339 1449 466 1498; x_wconf 84' lang='lat' dir='ltr'>Inque</span> <span class='ocrx_word' id='word_1_132' title='bbox 487 1448 721 1486; x_wconf 86' lang='lat' dir='ltr'>suburbano</span> <span class='ocrx_word' id='word_1_133' title='bbox 742 1449 906 1487; x_wconf 85' lang='lat' dir='ltr'>condita</span> <span class='ocrx_word' id='word_1_134' title='bbox 925 1463 1030 1499; x_wconf 89' lang='lat' dir='ltr'>poue</span> <span class='ocrx_word' id='word_1_135' title='bbox 1051 1449 1159 1494; x_wconf 82' lang='lat' dir='ltr'>solo;</span> <span class='ocrx_word' id='word_1_136' title='bbox 1394 1449 1446 1490; x_wconf 88' lang='lat'>10</span> 
     </span>
    </p>

    <p class='ocr_par' dir='ltr' id='par_1_7' title="bbox 282 1506 1331 1609">
     <span class='ocr_line' id='line_1_22' title="bbox 282 1506 1331 1561; baseline 0.002 -15"><span class='ocrx_word' id='word_1_137' title='bbox 282 1506 472 1558; x_wconf 82' lang='lat' dir='ltr'>Quosque</span> <span class='ocrx_word' id='word_1_138' title='bbox 497 1510 608 1559; x_wconf 70' lang='lat' dir='ltr'>legat</span> <span class='ocrx_word' id='word_1_139' title='bbox 628 1523 769 1547; x_wconf 78' lang='lat' dir='ltr'>versus</span> <span class='ocrx_word' id='word_1_140' title='bbox 789 1510 905 1547; x_wconf 85' lang='lat' dir='ltr'>oculo</span> <span class='ocrx_word' id='word_1_141' title='bbox 926 1516 1170 1561; x_wconf 80' lang='lat' dir='ltr'>properante</span> <span class='ocrx_word' id='word_1_142' title='bbox 1187 1511 1331 1553; x_wconf 68' lang='lat' dir='ltr'>viator,</span> 
     </span>
     <span class='ocr_line' id='line_1_23' title="bbox 337 1569 1282 1609; baseline 0.003 -3"><span class='ocrx_word' id='word_1_143' title='bbox 337 1569 573 1607; x_wconf 79' lang='lat' dir='ltr'>Grandibus</span> <span class='ocrx_word' id='word_1_144' title='bbox 594 1570 637 1607; x_wconf 92' lang='lat' dir='ltr'>in</span> <span class='ocrx_word' id='word_1_145' title='bbox 657 1570 770 1607; x_wconf 76' lang='lat' dir='ltr'>tituli</span> <span class='ocrx_word' id='word_1_146' title='bbox 790 1584 991 1608; x_wconf 83' lang='lat' dir='ltr'>marmore</span> <span class='ocrx_word' id='word_1_147' title='bbox 1012 1571 1133 1608; x_wconf 84' lang='lat' dir='ltr'>caede</span> <span class='ocrx_word' id='word_1_148' title='bbox 1153 1572 1282 1609; x_wconf 85' lang='lat' dir='ltr'>notis:</span> 
     </span>
    </p>

    <p class='ocr_par' dir='ltr' id='par_1_8' title="bbox 282 1641 1376 1731">
     <span class='ocr_line' id='line_1_24' title="bbox 282 1641 1376 1674; baseline 0.005 -8"><span class='ocrx_word' id='word_1_149' title='bbox 282 1641 348 1667; x_wconf 76' lang='lat' dir='ltr'>HIC</span> <span class='ocrx_word' id='word_1_150' title='bbox 368 1642 374 1648; x_wconf 90' lang='lat'><strong>·</strong></span> <span class='ocrx_word' id='word_1_151' title='bbox 392 1641 465 1668; x_wconf 78' lang='lat' dir='ltr'>EGO</span> <span class='ocrx_word' id='word_1_152' title='bbox 482 1642 489 1649; x_wconf 90' lang='lat'><strong>·</strong></span> <span class='ocrx_word' id='word_1_153' title='bbox 507 1641 596 1674; x_wconf 80' lang='lat' dir='ltr'><strong>QUI·</strong></span> <span class='ocrx_word' id='word_1_154' title='bbox 616 1642 1003 1669; x_wconf 69' lang='lat' dir='ltr'>1ACEO’TENERORUM</span> <span class='ocrx_word' id='word_1_155' title='bbox 1022 1643 1029 1650; x_wconf 90' lang='lat'>·</span> <span class='ocrx_word' id='word_1_156' title='bbox 1048 1642 1169 1669; x_wconf 73' lang='lat' dir='ltr'>LUSOR</span> <span class='ocrx_word' id='word_1_157' title='bbox 1186 1643 1193 1650; x_wconf 91' lang='lat'>·</span> <span class='ocrx_word' id='word_1_158' title='bbox 1210 1643 1376 1671; x_wconf 71' lang='lat' dir='ltr'>AMOM&#39;M</span> 
     </span>
     <span class='ocr_line' id='line_1_25' title="bbox 333 1703 1066 1731; baseline 0.004 -3"><span class='ocrx_word' id='word_1_159' title='bbox 333 1703 498 1730; x_wconf 70' lang='lat' dir='ltr'>INGENIO</span> <span class='ocrx_word' id='word_1_160' title='bbox 515 1703 523 1711; x_wconf 89' lang='lat'><strong>·</strong></span> <span class='ocrx_word' id='word_1_161' title='bbox 542 1704 647 1729; x_wconf 79' lang='lat' dir='ltr'>PERH</span> <span class='ocrx_word' id='word_1_162' title='bbox 663 1704 670 1711; x_wconf 89' lang='lat'><strong>·</strong></span> <span class='ocrx_word' id='word_1_163' title='bbox 687 1703 783 1730; x_wconf 72' lang='lat' dir='ltr'>NASO</span> <span class='ocrx_word' id='word_1_164' title='bbox 801 1704 808 1711; x_wconf 91' lang='lat'><strong>·</strong></span> <span class='ocrx_word' id='word_1_165' title='bbox 826 1704 944 1731; x_wconf 76' lang='lat' dir='ltr'>POETA</span> <span class='ocrx_word' id='word_1_166' title='bbox 963 1705 969 1711; x_wconf 94' lang='lat'>·</span> <span class='ocrx_word' id='word_1_167' title='bbox 986 1704 1066 1731; x_wconf 77' lang='lat' dir='ltr'>MEO</span> 
     </span>
    </p>

    <p class='ocr_par' dir='ltr' id='par_1_9' title="bbox 280 1763 1440 1798">
     <span class='ocr_line' id='line_1_26' title="bbox 280 1763 1440 1798; baseline 0.003 -8"><span class='ocrx_word' id='word_1_168' title='bbox 280 1763 325 1790; x_wconf 78' lang='lat' dir='ltr'>AT</span> <span class='ocrx_word' id='word_1_169' title='bbox 340 1764 346 1770; x_wconf 91' lang='lat'><strong>·</strong></span> <span class='ocrx_word' id='word_1_170' title='bbox 364 1763 442 1789; x_wconf 78' lang='lat' dir='ltr'>Tlsst</span> <span class='ocrx_word' id='word_1_171' title='bbox 461 1764 468 1771; x_wconf 90' lang='lat'><strong>·</strong></span> <span class='ocrx_word' id='word_1_172' title='bbox 486 1764 552 1796; x_wconf 71' lang='lat' dir='ltr'>Qm</span> <span class='ocrx_word' id='word_1_173' title='bbox 571 1764 579 1772; x_wconf 92' lang='lat'><strong>·</strong></span> <span class='ocrx_word' id='word_1_174' title='bbox 596 1764 756 1791; x_wconf 71' lang='lat' dir='ltr'>TRANStS</span> <span class='ocrx_word' id='word_1_175' title='bbox 779 1765 786 1772; x_wconf 92' lang='lat'><strong>·</strong></span> <span class='ocrx_word' id='word_1_176' title='bbox 810 1765 859 1790; x_wconf 79' lang='lat' dir='ltr'>NE</span> <span class='ocrx_word' id='word_1_177' title='bbox 882 1765 889 1772; x_wconf 91' lang='lat'><em>·</em></span> <span class='ocrx_word' id='word_1_178' title='bbox 913 1764 972 1791; x_wconf 79' lang='lat' dir='ltr'>SIT</span> <span class='ocrx_word' id='word_1_179' title='bbox 996 1765 1004 1772; x_wconf 89' lang='lat'><strong>·</strong></span> <span class='ocrx_word' id='word_1_180' title='bbox 1031 1765 1157 1792; x_wconf 75' lang='lat' dir='ltr'>GRAVE</span> <span class='ocrx_word' id='word_1_181' title='bbox 1191 1766 1198 1773; x_wconf 92' lang='lat'><strong>·</strong></span> <span class='ocrx_word' id='word_1_182' title='bbox 1228 1765 1410 1798; x_wconf 70' lang='lat' dir='ltr'>QUISQCIS</span> <span class='ocrx_word' id='word_1_183' title='bbox 1431 1767 1440 1776; x_wconf 92' lang='lat'><strong>·</strong></span> 
     </span>
    </p>

    <p class='ocr_par' dir='ltr' id='par_1_10' title="bbox 395 1818 1439 1856">
     <span class='ocr_line' id='line_1_27' title="bbox 395 1818 1439 1856; baseline 0.005 -5"><span class='ocrx_word' id='word_1_184' title='bbox 395 1825 535 1851; x_wconf 69' lang='lat' dir='ltr'>AMASTI</span> <span class='ocrx_word' id='word_1_185' title='bbox 1391 1818 1439 1856; x_wconf 88' lang='lat'>15</span> 
     </span>
    </p>

    <p class='ocr_par' dir='ltr' id='par_1_11' title="bbox 332 1886 1255 1915">
     <span class='ocr_line' id='line_1_28' title="bbox 332 1886 1255 1915; baseline 0.003 -4"><span class='ocrx_word' id='word_1_186' title='bbox 332 1886 473 1912; x_wconf 51' lang='lat' dir='ltr'>mrem:</span> <span class='ocrx_word' id='word_1_187' title='bbox 492 1886 499 1894; x_wconf 94' lang='grc'><em>·</em></span> <span class='ocrx_word' id='word_1_188' title='bbox 519 1886 680 1913; x_wconf 72' lang='lat' dir='ltr'>NASONIS</span> <span class='ocrx_word' id='word_1_189' title='bbox 699 1887 706 1894; x_wconf 94' lang='lat'><strong>·</strong></span> <span class='ocrx_word' id='word_1_190' title='bbox 726 1887 921 1913; x_wconf 72' lang='lat' dir='ltr'>MOLLITER</span> <span class='ocrx_word' id='word_1_191' title='bbox 939 1888 946 1895; x_wconf 92' lang='lat'><strong>·</strong></span> <span class='ocrx_word' id='word_1_192' title='bbox 961 1887 1052 1914; x_wconf 77' lang='lat' dir='ltr'>OSSA</span> <span class='ocrx_word' id='word_1_193' title='bbox 1067 1888 1075 1896; x_wconf 92' lang='lat'><strong>·</strong></span> <span class='ocrx_word' id='word_1_194' title='bbox 1093 1888 1255 1915; x_wconf 69' lang='lat' dir='ltr'>CUBENT.</span> 
     </span>
    </p>

    <p class='ocr_par' dir='ltr' id='par_1_12' title="bbox 278 1931 1320 2048">
     <span class='ocr_line' id='line_1_29' title="bbox 278 1931 1320 1977; baseline 0.006 -7"><span class='ocrx_word' id='word_1_195' title='bbox 278 1931 364 1971; x_wconf 86' lang='lat' dir='ltr'>Hoc</span> <span class='ocrx_word' id='word_1_196' title='bbox 384 1933 479 1972; x_wconf 79' lang='lat' dir='ltr'>satis</span> <span class='ocrx_word' id='word_1_197' title='bbox 499 1934 538 1972; x_wconf 91' lang='lat' dir='ltr'>in</span> <span class='ocrx_word' id='word_1_198' title='bbox 561 1934 679 1974; x_wconf 83' lang='lat' dir='ltr'>titulo</span> <span class='ocrx_word' id='word_1_199' title='bbox 699 1942 769 1974; x_wconf 79' lang='lat' dir='ltr'>est.</span> <span class='ocrx_word' id='word_1_200' title='bbox 832 1938 996 1975; x_wconf 85' lang='lat' dir='ltr'>Etenim</span> <span class='ocrx_word' id='word_1_201' title='bbox 1017 1938 1171 1976; x_wconf 79' lang='lat' dir='ltr'>maiora</span> <span class='ocrx_word' id='word_1_202' title='bbox 1191 1939 1320 1977; x_wconf 89' lang='lat' dir='ltr'>libelli</span> 
     </span>
     <span class='ocr_line' id='line_1_30' title="bbox 333 1996 1278 2048; baseline 0.004 -15"><span class='ocrx_word' id='word_1_203' title='bbox 333 1996 384 2033; x_wconf 85' lang='lat' dir='ltr'>Et</span> <span class='ocrx_word' id='word_1_204' title='bbox 406 1997 603 2035; x_wconf 78' lang='lat' dir='ltr'>diuturna</span> <span class='ocrx_word' id='word_1_205' title='bbox 623 1998 754 2048; x_wconf 76' lang='lat' dir='ltr'>magis</span> <span class='ocrx_word' id='word_1_206' title='bbox 776 2004 872 2036; x_wconf 83' lang='lat' dir='ltr'>sunt</span> <span class='ocrx_word' id='word_1_207' title='bbox 892 2000 1145 2037; x_wconf 78' lang='lat' dir='ltr'>monimenta</span> <span class='ocrx_word' id='word_1_208' title='bbox 1164 2000 1278 2044; x_wconf 85' lang='lat' dir='ltr'>mihi,</span> 
     </span>
    </p>

    <p class='ocr_par' dir='ltr' id='par_1_13' title="bbox 279 2055 1445 2171">
     <span class='ocr_line' id='line_1_31' title="bbox 279 2055 1273 2109; baseline 0.004 -14"><span class='ocrx_word' id='word_1_209' title='bbox 279 2055 389 2106; x_wconf 85' lang='lat' dir='ltr'>Quos</span> <span class='ocrx_word' id='word_1_210' title='bbox 411 2072 484 2108; x_wconf 80' lang='lat' dir='ltr'>ego</span> <span class='ocrx_word' id='word_1_211' title='bbox 505 2059 671 2101; x_wconf 79' lang='lat' dir='ltr'>confido,</span> <span class='ocrx_word' id='word_1_212' title='bbox 693 2060 880 2109; x_wconf 76' lang='lat' dir='ltr'>quamvis</span> <span class='ocrx_word' id='word_1_213' title='bbox 901 2074 1084 2105; x_wconf 78' lang='lat' dir='ltr'>nocuere,</span> <span class='ocrx_word' id='word_1_214' title='bbox 1106 2061 1273 2099; x_wconf 82' lang='lat' dir='ltr'>daturos</span> 
     </span>
     <span class='ocr_line' id='line_1_32' title="bbox 332 2119 1445 2171; baseline 0.006 -16"><span class='ocrx_word' id='word_1_215' title='bbox 332 2119 490 2156; x_wconf 86' lang='lat' dir='ltr'>Nomen</span> <span class='ocrx_word' id='word_1_216' title='bbox 510 2125 547 2157; x_wconf 86' lang='lat' dir='ltr'>et</span> <span class='ocrx_word' id='word_1_217' title='bbox 571 2121 725 2157; x_wconf 78' lang='lat' dir='ltr'>auctori</span> <span class='ocrx_word' id='word_1_218' title='bbox 748 2125 932 2171; x_wconf 76' lang='lat' dir='ltr'>tempora</span> <span class='ocrx_word' id='word_1_219' title='bbox 953 2121 1073 2171; x_wconf 77' lang='lat' dir='ltr'>longa</span> <span class='ocrx_word' id='word_1_220' title='bbox 1089 2135 1172 2159; x_wconf 85' lang='lat' dir='ltr'>suo.</span> <span class='ocrx_word' id='word_1_221' title='bbox 1388 2120 1445 2164; x_wconf 82' lang='grc'>20</span> 
     </span>
    </p>

    <p class='ocr_par' dir='ltr' id='par_1_14' title="bbox 280 2178 1236 2291">
     <span class='ocr_line' id='line_1_33' title="bbox 280 2178 1236 2233; baseline 0.003 -16"><span class='ocrx_word' id='word_1_222' title='bbox 280 2178 341 2218; x_wconf 84' lang='lat' dir='ltr'>Tu</span> <span class='ocrx_word' id='word_1_223' title='bbox 362 2185 498 2217; x_wconf 79' lang='lat' dir='ltr'>tamen</span> <span class='ocrx_word' id='word_1_224' title='bbox 520 2181 699 2218; x_wconf 65' lang='lat' dir='ltr'>extincto</span> <span class='ocrx_word' id='word_1_225' title='bbox 720 2181 866 2219; x_wconf 76' lang='lat' dir='ltr'>feralia</span> <span class='ocrx_word' id='word_1_226' title='bbox 886 2195 1053 2219; x_wconf 79' lang='lat' dir='ltr'>munera</span> <span class='ocrx_word' id='word_1_227' title='bbox 1075 2195 1236 2233; x_wconf 79' lang='lat' dir='ltr'>semper</span> 
     </span>
     <span class='ocr_line' id='line_1_34' title="bbox 336 2241 1197 2291; baseline 0.003 -13"><span class='ocrx_word' id='word_1_228' title='bbox 336 2241 475 2291; x_wconf 74' lang='lat' dir='ltr'>Deque</span> <span class='ocrx_word' id='word_1_229' title='bbox 498 2242 578 2278; x_wconf 82' lang='lat' dir='ltr'>tuis</span> <span class='ocrx_word' id='word_1_230' title='bbox 601 2242 779 2280; x_wconf 77' lang='lat' dir='ltr'>lacrimis</span> <span class='ocrx_word' id='word_1_231' title='bbox 800 2243 941 2280; x_wconf 80' lang='lat' dir='ltr'>umida</span> <span class='ocrx_word' id='word_1_232' title='bbox 960 2249 1068 2281; x_wconf 78' lang='lat' dir='ltr'>serta</span> <span class='ocrx_word' id='word_1_233' title='bbox 1090 2243 1197 2281; x_wconf 82' lang='lat' dir='ltr'>dato.</span> 
     </span>
    </p>
   </div>
  </div>
 </body>
</html>
