1491 2390
49 862 108 904 12.

52 1660 113 1702 13.

551 81 679 121 ovm’s
708 93 808 120 smP.
1261 79 1311 118 31

151 197 229 235 Ille
247 197 358 235 cadit
376 210 570 247 praeceps
589 201 631 234 et
650 196 758 234 calce
776 196 926 234 feritur
944 197 1071 242 aselli,

205 258 485 307 Inclamatque
505 270 597 295 suos
618 257 897 306 auxiliumque
919 263 1048 307 rogat.

153 317 412 356 Concurrunt
431 319 572 369 satyri,
593 318 879 368 turgentiaque
899 320 966 355 ora
985 318 1164 368 parentis

206 379 380 417 Rident:
411 393 601 430 percusso
621 379 823 417 claudicat
842 380 911 417 ille
930 393 1049 430 genu.

153 439 277 477 Ridet
292 448 332 477 et
347 441 434 490 ipse
450 441 560 485 deus,
574 440 797 490 limumque
809 440 1001 478 inducere
1020 444 1222 478 monstrat
1236 456 1244 486 3
1267 440 1314 479 15

207 501 287 538 Hic
307 506 422 552 paret
442 502 607 539 monitis
629 507 669 539 et
688 502 782 539 linit
801 504 870 539 ora
888 501 986 539 luto.

151 560 274 599 Melle
294 566 412 612 pater
429 562 584 600 fruitur
600 579 608 608 3
637 563 798 612 liboque
817 562 956 600 infusa
975 562 1124 601 calenti

206 622 300 660 Iure
319 624 517 674 repertori
537 624 708 661 candida
726 624 849 661 mella
868 624 1023 661 damus.

370 768 466 805 'l'he
495 767 733 814 roundiug
759 766 810 804 of
832 767 988 804 Rome.

151 864 241 903 Iam
259 863 393 902 luerat
413 876 563 914 poenas
583 861 713 900 frater
731 861 972 907 Numitoris,
994 866 1034 900 et
1054 875 1172 900 omne

206 925 424 962 Pastorum
443 923 604 974 gemino
624 922 700 960 sub
720 923 820 961 diice
838 923 984 973 volgus
1005 928 1104 961 erat.

152 984 406 1024 Contrahere
425 989 606 1035 agrestes
625 988 667 1022 et
685 984 843 1022 moenia
862 986 1012 1034 ponere
1031 984 1194 1034 utrique

207 1045 422 1084 Convenit.
478 1045 729 1096 Ambigitur,
749 1045 910 1083 moenia
927 1049 1054 1095 ponat
1072 1049 1175 1083 uter.

155 1107 258 1145 “Nil
273 1120 374 1158 opus
391 1111 453 1145 est
464 1106 486 1120 ”
502 1107 609 1144 dixit
624 1106 906 1144 “certamine’'
923 1106 1122 1144 Romulus
1141 1106 1271 1144 “ullo:
1294 1107 1317 1144 5

207 1169 359 1219 Magna
377 1167 482 1205 fides
502 1167 640 1205 avium
659 1173 733 1211 est,
753 1167 1012 1218 experiamur
1029 1167 1164 1205 aves.”

153 1228 235 1267 Res
255 1229 399 1279 placet.
455 1228 576 1266 Alter
594 1228 682 1266 adit
700 1229 901 1266 nemorosi
920 1241 1019 1265 saxa
1040 1228 1194 1274 Palam

207 1289 328 1327 Alter
346 1290 600 1327 Aventinum
619 1290 737 1326 mane
757 1302 950 1326 cacumen
968 1289 1058 1326 init.

156 1349 236 1389 Sex
249 1350 416 1396 Remus,
430 1350 497 1387 hic
509 1350 692 1388 volucres
708 1349 771 1387 bis
787 1363 857 1387 sex
872 1350 985 1388 videt
999 1350 1151 1388 ordine.
1193 1349 1320 1388 Paeto

209 1410 366 1458 Statur,
386 1415 428 1449 et
446 1410 664 1448 arbitrium
683 1410 881 1448 Romfilus
901 1411 1014 1448 urbis
1036 1411 1170 1449 habet.
1271 1410 1321 1448 10

535 1565 691 1602 ovia’s
719 1564 845 1612 emp.

154 1662 232 1701 Est
249 1661 353 1700 mihi
372 1662 519 1712 sitque,
540 1675 693 1712 precor,
713 1662 842 1700 flavae
861 1662 993 1700 tutela
1013 1661 1235 1708 Minervae,

208 1723 338 1762 Navis
358 1729 400 1761 et
418 1736 444 1760 a
462 1723 574 1774 picta
592 1723 748 1761 casside
767 1736 915 1761 nomen
934 1723 1070 1761 habet.

157 1783 254 1823 Sive
267 1797 371 1836 opus
386 1788 449 1822 est
463 1783 578 1829 velis,
595 1784 808 1822 minimam
823 1784 925 1822 bene
941 1784 1071 1822 currit
1085 1784 1138 1821 ad
1153 1797 1295 1822 auram
1311 1800 1320 1830 ;

210 1845 306 1884 Sive
325 1858 428 1897 opus
448 1850 511 1884 est
529 1859 652 1891 remo,
672 1847 825 1896 remige
845 1846 979 1897 carpit
998 1846 1086 1884 iter.

156 1906 196 1945 N
199 1920 243 1946 ec
261 1908 430 1946 comites
449 1907 607 1945 volucri
626 1910 815 1945 contenta
833 1913 895 1946 est
914 1908 1076 1945 vincere
1096 1920 1229 1954 cursu,
1296 1909 1320 1945 5

211 1967 398 2020 Occupat
415 1981 600 2019 egressas
618 1969 846 2018 quamlibet
864 1974 959 2007 ante
978 1974 1087 2007 rates
1104 1984 1113 2014 ;

159 2029 214 2068 Et
231 2030 392 2081 patitur
410 2029 558 2067 fluctus
578 2029 739 2080 fertque
758 2030 987 2068 assilientia
1005 2030 1125 2080 longe

211 2092 413 2141 Aequora,
433 2104 507 2129 nec
525 2091 658 2129 saevis
678 2091 786 2129 victa
804 2091 962 2130 fatiscit
981 2092 1097 2141 aquis

159 2151 249 2198 1115,
269 2151 541 2190 Corinthiacis
560 2152 740 2203 primum
758 2153 863 2190 mihi
881 2153 1043 2204 cognita
1063 2152 1295 2198 Cenchreis,

214 2213 315 2251 Fida
331 2217 468 2252 manet
488 2213 671 2266 trepidae
691 2214 853 2265 duxque
873 2216 1084 2264 comesque
1103 2215 1225 2265 fugae
1240 2230 1250 2261 3
1274 2212 1323 2251 10
