1491 2390
17 814 77 856 16.

481 104 627 132 sTORMS
656 105 703 132 AT
733 105 813 131 SEA.
1230 89 1281 127 33

117 209 282 255 Navita,
303 209 509 247 confessus
529 208 711 259 gelidum
730 208 884 258 pallore
903 208 1102 252 timorem,

172 271 260 307 Iam
281 270 466 319 sequitur
485 270 629 314 victus,
650 282 731 306 non
750 269 856 318 regit
876 270 962 305 arte
982 272 1125 305 ratem.

119 331 257 379 thue
277 343 423 380 parum
444 329 604 366 validus
624 343 704 366 non
723 329 977 379 proficientia
997 331 1129 365 rector

172 390 352 428 Cervicis
373 390 528 439 rigidae
547 390 664 427 frena
683 389 860 427 remittit
879 402 993 438 equo,
1231 386 1280 424 10

122 450 188 489 Sic
203 464 283 487 non
302 464 380 500 quo
401 451 543 495 voluit,
564 451 635 488 sed
654 463 731 499 quo
752 450 861 500 rapit
879 449 1058 500 impetus
1078 448 1223 492 undae,

172 511 367 562 Aurigam
394 512 509 549 video
529 511 618 549 vela
637 511 794 548 dedisse
814 511 906 548 rati.

120 571 238 620 Quod
257 575 335 609 nisi
355 576 533 609 mutatas
554 572 734 609 emiserit
753 571 904 609 Aeolus
924 583 1056 616 auras,

172 632 223 670 In
241 632 329 670 loca
347 633 429 670 iam
448 633 563 670 nobis
584 645 665 669 non
685 632 872 670 adeunda
890 631 1009 669 ferar.

623 745 681 795 (0)

122 816 280 855 Littera
298 829 574 867 quaecumque
594 819 655 854 est
675 819 759 853 toto
782 815 858 853 tibi
877 815 982 853 lecta
1001 814 1151 860 libello,

173 879 249 916 Est
267 878 370 916 mihi
389 878 563 916 sollicito
583 882 764 929 tempore
784 877 894 915 facta
909 878 1010 915 viae.

120 941 207 978 Aut
222 940 321 978 haec
333 953 408 985 me,
417 939 551 990 gelido
568 944 782 977 tremerem
795 952 887 977 cum
899 951 1036 976 mense
1051 937 1278 983 Decembri,

175 1001 427 1040 Scribentem
446 1001 590 1039 mediis
612 1000 769 1038 Hadria
788 1001 894 1037 vidit
913 1000 1028 1050 aquis
1044 1017 1050 1037 :
1255 999 1279 1035 4

121 1063 218 1109 Aut,
229 1068 445 1114 postquam
452 1063 649 1101 bimarem
658 1075 778 1100 cursu
786 1062 1068 1113 superavimus
1078 1061 1276 1105 Isthmon,

174 1125 395 1175 Alteraque
415 1128 477 1163 est
495 1128 657 1162 nostrae
677 1126 842 1174 sumpta
861 1123 998 1161 carina
1016 1123 1150 1173 fugae,

121 1185 239 1234 Quod
257 1187 433 1224 facerem
452 1191 593 1224 versus
614 1186 721 1223 inter
739 1185 826 1223 fera
845 1197 1056 1222 murmura
1074 1183 1201 1234 ponti,

175 1246 372 1298 Cycladas
392 1247 575 1298 Aegaeas
595 1247 841 1298 obstipuisse
860 1250 970 1297 puto.

121 1309 215 1360 Ipse
235 1323 308 1360 ego
327 1322 435 1346 nunc
454 1309 580 1346 miror
598 1309 725 1345 tantis
745 1308 949 1357 animique
969 1307 1172 1356 marisque

175 1370 389 1408 Fluctibus
410 1370 619 1420 ingenium
638 1383 719 1407 non
738 1369 928 1407 cecidisse
948 1382 1094 1405 meum.
1234 1366 1283 1405 10

123 1429 204 1469 Seu
223 1435 367 1482 stupor
386 1431 481 1469 huic
501 1430 649 1477 studio,
670 1430 755 1468 sive
775 1433 839 1468 est
857 1430 1017 1467 insania
1036 1442 1192 1474 nomen,

175 1490 319 1530 Omnis
338 1492 389 1530 ab
410 1492 486 1530 hac
504 1497 600 1530 cura
618 1505 733 1529 mens
751 1491 933 1529 relevata
950 1493 1039 1528 mea
1059 1495 1130 1527 est.

123 1552 252 1604 Saepe
272 1566 346 1604 ego
366 1553 561 1591 nimbosis
581 1553 729 1591 dubius
749 1552 932 1590 iactabar
951 1552 1001 1589 ab
1022 1551 1189 1596 Haedis,

177 1613 307 1665 Saepe
327 1614 466 1652 minax
487 1613 678 1664 Steropes
698 1613 829 1651 sidere
848 1616 998 1664 pontus
1019 1616 1117 1658 erat,

122 1673 405 1725 Fuscabatque
425 1675 532 1712 diem
552 1678 687 1712 custos
708 1673 1027 1724 Erymanthidos
1047 1686 1177 1719 ursae,
1238 1677 1285 1714 15

176 1736 263 1773 Aut
283 1736 452 1786 Hyadas
473 1735 574 1774 seris
595 1735 788 1773 hauserat
807 1738 946 1772 auster
966 1735 1093 1784 aquis,

125 1794 255 1848 Saepe
274 1797 399 1834 maris
420 1809 515 1847 pars
534 1796 646 1833 intus
666 1799 764 1833 erat.
813 1795 967 1833 Tamen
986 1797 1072 1845 ipse
1093 1793 1283 1832 trementi

177 1857 372 1896 Carmina
390 1857 588 1895 ducebam
607 1857 916 1906 qualiacumque
936 1869 1071 1894 manu.

124 1918 245 1958 Nune
255 1932 413 1969 quoque
425 1919 606 1957 contenti
621 1919 804 1956 stridunt
815 1918 1003 1968 aquilone
1015 1917 1221 1962 rudentes,

179 1980 307 2030 Inque
326 1980 491 2017 modum
512 1979 662 2016 tumuli
679 1982 856 2017 concava
873 1978 1008 2029 surgit
1026 1980 1140 2028 aqua.
1235 1983 1284 2020 20

126 2040 221 2092 Ipse
239 2040 489 2091 gubernator
508 2040 654 2078 tollens
674 2040 727 2077 ad
746 2040 881 2078 sidera
899 2039 1056 2090 palmas

180 2101 377 2153 Exposcit
396 2101 515 2146 votis,
535 2101 748 2139 immemor
765 2103 878 2147 arti‘s,
897 2113 1027 2151 opem.

126 2160 389 2213 Quocumque
408 2163 561 2213 aspexi,
581 2162 686 2199 m'hil
704 2166 768 2200 est
786 2165 866 2200 ni‘si
884 2162 1027 2200 mortis
1047 2162 1194 2212 imago,

179 2221 312 2272 Quam
331 2223 456 2262 dubia
475 2223 598 2261 timeo
617 2227 764 2269 mente,
784 2223 1011 2272 timensque
1030 2236 1182 2270 precor.

178 2289 227 2331 (Μ
247 2284 293 2330 4)
665 2290 686 2316 0
