1491 2390
113 67 165 106 46

536 80 692 108 STORIES
721 80 825 108 FROM
855 81 959 108 OVID.

220 182 406 232 Namque
415 183 542 220 trium
557 183 763 229 minimus,
773 184 906 233 proles
921 184 1141 222 manifesta
1155 183 1341 235 Superbi,
1356 185 1382 224 5

275 245 324 281 111
343 245 496 282 medios
518 245 654 282 hostes
676 249 792 282 nocte
813 245 958 282 silente
978 246 1103 283 venit.

219 304 437 342 Nudarant
458 305 616 355 gladios
634 322 640 342 :
673 308 694 323 “
710 305 894 343 Occidite
913 306 933 320 ”
955 306 1062 343 dixit
1082 309 1103 324 ‘⁶
1119 307 1327 352 inermem,

273 366 362 404 Hoc
382 367 550 417 cupiant
569 366 718 404 fratres
740 367 1064 417 Tarquiniusque
1083 371 1211 418 pater,

222 425 302 474 Qui
321 441 411 465 mea
429 428 585 465 crudeli
604 428 799 465 laceravit
818 428 984 465 verbere
1005 427 1160 479 terga.’'

275 489 419 526 Dicere
439 493 485 525 ut
506 489 581 526 1100
600 493 749 539 posset,
770 489 939 526 Verbera
958 503 1103 539 passus
1124 494 1221 527 erat.
1333 489 1383 528 10

220 549 337 587 Luna
350 550 449 587 fuit:
481 554 668 600 spectant
683 550 883 595 iuvenem,
892 551 1129 600 gladiosque
1145 551 1381 597 recondunt,

272 611 494 660 Tergaque,
515 611 690 648 deducta
709 615 834 657 veste,
854 616 997 649 notata
1017 612 1158 649 vident
1174 628 1182 650 ε

219 672 339 709 Flent
360 685 529 721 quoque,
547 676 587 710 et
606 676 653 709 ut
673 686 810 710 secum
830 677 996 710 tueatur
1014 673 1133 719 bella,
1150 678 1381 724 precantur.

273 733 457 770 Callidus
478 734 633 783 ignaris
655 734 801 771 annuit
821 734 891 772 ille
910 735 1023 772 viris.

219 795 387 844 Iamque
406 801 562 845 potenS,
578 795 702 832 misso
721 796 948 845 genitorem
968 796 1151 846 appellat
1170 796 1310 841 amico,
1333 797 1382 834 15

273 857 475 894 Perdendi
496 856 647 894 Gabios
668 857 776 906 quod
795 857 875 894 sibi
894 862 1094 895 monstret
1114 858 1203 895 iter.

218 918 376 956 Hortus
397 918 576 956 odoratis
597 918 763 956 suberat
783 919 1034 956 cultissimus
1055 918 1204 964 herbis,

277 979 419 1017 Sectus
442 980 611 1016 humum
631 980 720 1017 rivo
741 980 830 1017 lene
850 981 1032 1017 sonantis
1053 993 1190 1029 aquae.

219 1041 312 1078 Illic
333 1041 580 1090 Tarquinius
601 1042 798 1079 mandata
818 1042 991 1079 latentia
1010 1041 1098 1078 nati

271 1103 446 1153 Accipit,
468 1107 509 1140 et
528 1103 646 1152 virga
666 1103 754 1140 lilia
774 1116 933 1140 summa
952 1103 1082 1140 metit.
1333 1101 1386 1141 20

218 1163 399 1201 Nuntius
420 1168 467 1201 ut
486 1165 621 1210 rediit,
643 1165 890 1214 decussaque
910 1164 998 1202 lilia
1018 1165 1134 1210 dixit,

272 1225 402 1262 Filius
424 1228 444 1244 “
462 1226 650 1275 Agnosco
670 1227 781 1263 iussa
801 1226 983 1276 parentis
998 1225 1019 1239 ''
1041 1226 1110 1263 ait.

218 1286 302 1324 Nec
322 1300 445 1333 mora,
468 1288 721 1338 principibus
743 1288 868 1325 caesis
890 1301 939 1324 ex
958 1287 1058 1325 urbe
1079 1286 1251 1333 Gabina,

271 1347 507 1385 Traduntur
528 1349 700 1387 ducibus
720 1349 881 1387 moenia
899 1349 1010 1398 nuda
1030 1349 1125 1386 suis.

416 1485 512 1522 'l'he
540 1485 679 1531 story
707 1485 757 1522 of
781 1485 1081 1531 Persephone.

114 1575 180 1625 (a)
214 1577 310 1614 How
330 1576 565 1627 Persephone
584 1577 786 1614 wandered
816 1576 857 1613 in
887 1576 947 1613 the
975 1575 1167 1613 Meadows
1185 1575 1229 1624 ⁰f
1244 1575 1381 1626 Sicily.

109 1655 171 1696 35.

218 1657 343 1695 Terra
364 1658 495 1695 tribus
516 1657 694 1708 scopulis
715 1661 879 1694 vastum
900 1656 1104 1707 procurrit
1125 1656 1167 1693 in
1187 1669 1337 1706 aequor

271 1718 489 1763 Trinacris,
512 1733 535 1756 a
555 1720 691 1769 positu
712 1732 858 1756 nomen
879 1719 1027 1768 adepta
1050 1718 1137 1758 loci.

216 1779 345 1817 Grata
366 1781 509 1817 (lomus
532 1780 681 1818 Cereri.
740 1780 895 1817 Multas
916 1793 963 1817 ea
983 1779 1163 1830 possidet
1183 1778 1317 1818 urbes.

270 1842 318 1878 In
339 1843 486 1891 quibus
508 1848 569 1879 est
590 1843 700 1879 culto
720 1841 870 1879 fertilis
893 1841 1041 1878 Henna
1061 1841 1156 1877 solo.

218 1903 386 1953 Frigida
406 1904 627 1941 caelestum
649 1908 799 1940 matres
821 1902 1030 1939 Arethusa
1050 1905 1240 1939 vocarat:
1360 1901 1384 1938 5

270 1964 449 2002 Venerat
472 1965 523 2002 ad
544 1978 678 2001 sacras
700 1969 740 2001 ct
761 1965 835 2001 dea
856 1965 960 2001 flava
981 1964 1115 2013 dape&

220 2026 336 2067 Filia,
359 2026 561 2063 consuetis
583 2031 628 2062 ut
649 2031 736 2063 erat
757 2026 952 2063 comitata
972 2024 1131 2075 puellis,

269 2087 443 2123 Errabat
465 2087 572 2123 nudo
594 2101 666 2136 per
686 2100 759 2123 sua
782 2092 900 2137 prata
921 2086 1032 2136 pede.

221 2146 336 2185 Valle
357 2149 431 2185 sub
453 2148 644 2185 umbrosa
664 2148 774 2184 locus
797 2152 857 2184 est
879 2147 1094 2197 aspergine
1114 2145 1245 2183 multa

271 2209 430 2247 Uvidus
450 2223 497 2246 cx
519 2209 601 2246 alto
622 2209 847 2246 desilientis
869 2222 1006 2258 aquae.
1329 2203 1381 2244 10
