1491 2390
420 112 473 138 Ax
502 111 716 138 mamam·
743 111 881 139 LOVER.
1236 100 1287 139 37

177 214 363 266 Septima
381 214 453 251 lux
472 215 586 252 venit
604 227 687 251 non
705 214 940 252 exhibitura
960 219 1207 264 sequentem,

230 276 304 324 (Et
325 275 463 312 stabat
483 288 612 312 vacua
631 275 713 312 iam
733 275 811 312 tibi
831 275 961 313 Parca
980 275 1085 324 0010)

174 337 259 375 Nec
279 342 418 374 tamen
437 337 586 386 ignavo
607 341 855 386 stupuerunt
870 337 995 374 verba
1013 337 1152 387 palato
1170 352 1177 374 :

228 397 434 435 Clamavit
454 398 629 434 moriens
651 397 793 447 lingua
814 401 835 415 “
850 397 1040 443 Corinna,
1061 398 1151 435 vale
1168 398 1176 435 !
1195 397 1216 412 ’⁵
1235 397 1286 436 10

176 458 290 497 Colle
310 459 385 495 sub
406 459 546 508 Elysio
566 459 685 508 nigra
704 472 846 496 nemus
866 459 958 496 ilice
977 459 1153 503 frondet,

229 519 402 568 Udaque
422 528 618 569 perpetuo
638 519 823 568 gramine
844 523 954 556 terra
972 520 1078 556 viret
1096 536 1102 556 :

179 580 305 630 Siqua
326 581 424 617 fides
446 580 594 625 dubiis,
616 580 829 617 voluerum
849 580 960 618 100115
980 581 1050 618 1110
1071 581 1234 630 piarum

231 642 407 686 Dicitur,
428 642 623 679 obscenae
643 655 721 691 quo
742 642 1014 692 prohibentur
1032 655 1127 679 aves
1145 658 1153 688 ;

177 704 270 741 Illic
290 704 455 740 innocui
476 704 558 740 late
578 709 804 754 pascuntur
822 704 951 741 olores
1234 703 1284 741 15

230 766 283 802 Et
304 766 429 802 vivax
448 765 639 816 phoenix,
660 766 782 802 unica
802 778 963 816 semper
983 766 1070 803 avis
1088 781 1097 811 3

176 826 368 876 Explicat
388 826 477 876 ipsa
498 839 591 863 suas
613 827 696 863 ales
718 826 891 863 Iunonia
912 826 1073 876 pinnas,

233 886 384 924 Oscula
404 887 475 924 dat·
495 887 643 936 cupido
663 887 813 924 blanda
835 887 1023 924 columba-
1042 887 1158 924 mari.

179 948 386 986 Psittacus
407 948 481 985 has
502 949 612 985 inter
630 949 827 986 nemorali
849 949 943 986 sede
963 952 1150 999 receptus

231 1009 445 1047 Convertit
465 1010 649 1047 volucres
670 1011 713 1046 in
733 1023 805 1047 5113
827 1010 950 1047 verba
971 1010 1071 1060 pias.
1236 1008 1287 1047 20

177 1070 280 1109 Ossa
301 1073 404 1121 tegit
421 1071 616 1116 tumulus,
631 1072 816 1108 tumulus
831 1085 906 1122 pro
919 1085 1083 1122 corpore
1099 1084 1284 1122 magnus,

231 1131 320 1180 Quo
341 1133 444 1183 lapis
466 1133 638 1183 exiguus
658 1146 735 1183 par
754 1133 832 1170 sibi
853 1147 1016 1170 carmen
1032 1133 1177 1170 habet:

176 1204 365 1232 COLLIGOR
381 1206 388 1212 ·
404 1205 475 1230 Ex·
494 1205 577 1232 Ipso
595 1205 602 1211 ·
618 1204 794 1231 DomxAE
813 1205 820 1212 ·
836 1205 1040 1231 PLACL’ISSE
1057 1205 1063 1212 ·
1079 1204 1274 1232 SEPULCRO

228 1265 302 1292 ORA
319 1266 326 1272 ·
343 1266 466 1292 FL‘ERE
485 1265 493 1273 ·
509 1266 618 1291 mm·
635 1265 727 1292 PLrs
743 1265 750 1272 ·
764 1265 837 1291 AVB
857 1265 864 1273 ·
881 1265 1001 1292 DOCTA
1016 1265 1024 1272 ·
1041 1265 1170 1297 LOQIJI.

389 1362 462 1398 Au
491 1362 744 1408 Impatient
773 1364 930 1399 Lover.

17 1436 78 1478 24.
121 1438 268 1475 Amnis
289 1437 590 1475 harundinibus
611 1438 776 1475 limosas
797 1438 928 1475 obsite
949 1439 1074 1489 ripas,

176 1499 244 1536 Ad
263 1499 470 1536 dominam
490 1513 684 1550 propero:
716 1500 814 1537 siste
833 1513 1056 1550 parumper
1074 1513 1199 1550 aquas
1217 1500 1225 1538 !

123 1560 209 1599 Nec
229 1561 307 1597 tibi
328 1565 424 1598 sunt
444 1567 588 1611 pontes
609 1573 682 1598 1100
702 1574 804 1610 quae
825 1561 911 1598 sine
930 1561 1096 1611 remigis
1117 1561 1203 1599 ictu

178 1621 367 1659 Concava
387 1622 557 1659 traiecto
578 1621 725 1659 cumba
743 1621 916 1659 rudente
935 1622 1070 1659 vehat.

125 1682 284 1720 Parvus
305 1696 406 1727 eras,
427 1683 607 1726 memini,
629 1695 702 1720 1100
722 1687 761 1720 te
781 1683 957 1720 transire
977 1683 1123 1733 refugi,
1259 1684 1283 1721 5

180 1742 428 1793 Summaque
447 1744 518 1779 vix
538 1743 642 1780 talos
664 1744 837 1794 contigit
856 1743 968 1781 unda
987 1757 1097 1781 meos
1114 1760 1122 1790 ;

123 1803 244 1842 Nunc
264 1805 349 1841 ruis
370 1805 557 1854 apposito
577 1804 742 1841 nivibus
763 1805 812 1842 de
832 1809 969 1842 monte
989 1805 1133 1843 solutis

178 1866 232 1902 Et
252 1866 364 1916 turpi
385 1879 542 1903 crassas
562 1865 728 1915 gurgite
748 1866 880 1903 volvis
901 1879 1038 1915 aquas.

124 1925 234 1974 Quid
251 1940 491 1978 properasse
511 1927 638 1971 iuvat,
660 1927 759 1976 quid
778 1940 902 1977 parca
921 1927 1081 1966 dedisse
1101 1929 1230 1978 quieti

177 1988 388 2039 Tempora,
409 1988 509 2037 quid
527 1988 638 2025 noeti
658 1989 910 2026 conseruisse
930 1989 1050 2034 diem,
1232 1989 1283 2027 10

125 2048 169 2087 Si
189 2054 327 2086 tamen
347 2049 413 2086 hic
433 2049 626 2086 standum
642 2054 715 2094 est,
729 2049 764 2086 si
778 2062 861 2086 non
875 2049 1000 2087 datur
1013 2050 1172 2088 artibus
1185 2050 1282 2088 ullis

176 2110 360 2148 Ulterior
377 2116 516 2147 nostro
536 2110 627 2160 ripa
645 2110 867 2160 premenda
885 2111 980 2161 pedi
999 2111 1017 2148 Ρ

121 2169 162 2208 N
163 2184 242 2208 unc
261 2185 347 2221 ego,
368 2184 469 2220 quas
489 2171 636 2208 habuit
655 2171 802 2222 pinnas
823 2171 1030 2209 Danaeius
1052 2172 1183 2219 heros,

175 2231 366 2270 Terribili
386 2232 556 2270 densum
576 2245 669 2269 cum
689 2231 786 2268 tulit
805 2245 939 2282 angue
958 2237 1095 2283 caput,
