1491 2390
124 87 209 125 64‘

119 695 181 737 54.

559 99 715 126 STomES
739 97 857 127 FROM
877 101 980 130 OVID.

230 205 347 243 Aura
366 206 468 244 levis
488 206 623 256 rigido
642 206 866 255 pendentia
886 205 1015 244 lintea
1033 206 1140 246 malo

285 267 479 313 Suscitat,
500 272 542 304 et
559 267 682 304 remis
703 272 822 304 eruta
841 272 959 304 canet
979 281 1106 318 aqua:

229 328 458 378 Prosequor
475 329 622 365 infelix
640 328 768 365 oculis
789 327 982 365 abeuntia
1001 329 1104 375 vela,

283 389 374 436 Qua
393 390 500 435 licet,
522 394 562 426 et
581 389 761 426 lacrimis
781 393 894 426 umet
914 389 1067 427 harena
1086 390 1200 437 meis,

228 450 367 501 thue
387 451 494 489 celer
512 451 665 495 venitm,
686 450 839 488 virides
858 451 1057 488 Nereidas
1077 465 1146 489 oro
1164 469 1170 489 z
1344 451 1396 491 25

284 512 450 550 Scilicet
468 516 516 549 ut
536 512 675 550 venias
696 512 740 549 in
759 526 850 550 mea
870 513 1022 550 damna
1040 513 1155 550 celer.

734 617 790 667 (0)

228 697 393 748 Aspicit
412 698 658 736 immensum
678 698 804 736 moles
824 698 968 736 nativa
986 698 1260 749 profundum:

279 760 397 797 Mons
417 760 521 805 fuit3
551 760 760 810 aequoreis
781 760 854 797 illa
872 760 1030 797 resistit
1050 760 1177 810 aquis.

226 821 337 860 Hinc
357 835 431 872 ego
451 822 544 859 vela
563 826 658 859 tuae
677 822 850 872 cognovi
869 821 1003 872 prima
1023 822 1196 868 carinae,

280 884 333 921 Et
353 884 457 920 mihi
476 897 550 934 per
568 884 715 921 fluctus
735 884 914 934 impetus
935 883 994 921 ire
1014 884 1106 920 fuit.

226 945 337 982 Dum
356 959 502 990 moror,
516 945 559 981 in
579 958 739 982 summa
757 945 876 982 fulsit
888 945 992 982 mihi
1008 958 1191 995 purpura
1206 958 1351 996 prora:
1367 945 1390 984 5

279 1006 502 1052 Pertimui;
533 1007 669 1044 cultus
690 1020 771 1044 non
791 1010 879 1044 erat
899 1007 969 1045 ille
989 1011 1096 1044 tuus.

224 1068 293 1106 Fit
313 1069 481 1119 propior
495 1072 705 1118 terrasque
726 1069 808 1106 cita
827 1069 929 1106 ratis
950 1069 1092 1119 attigit
1111 1081 1232 1106 aura:

277 1130 490 1168 Femineas
509 1130 598 1167 vidi
617 1130 736 1167 corde
757 1134 956 1168 tremente
976 1143 1112 1181 genas.

223 1191 317 1229 Non
337 1192 436 1229 satis
457 1192 500 1229 id
518 1192 653 1229 fuerat
669 1189 688 1228 ?
735 1190 844 1239 Quid
864 1192 972 1229 enim
991 1192 1147 1229 furiosa
1165 1189 1357 1229 morabar
1370 1190 1389 1229 Ρ

277 1255 486 1292 Haerebat
505 1255 661 1305 gremio
677 1254 810 1305 turpis
832 1254 963 1292 amica
981 1257 1052 1291 tuo
1070 1253 1078 1291 !
1339 1251 1390 1293 10

223 1315 337 1354 Tunc
357 1329 452 1354 vero
472 1317 646 1367 rupique
665 1316 778 1354 sinus
799 1320 839 1354 et
859 1320 1025 1366 pectora
1044 1315 1186 1366 planxi

275 1378 329 1415 Et
349 1379 457 1416 secui
477 1379 663 1416 madidas
683 1391 820 1428 ungue
840 1378 1000 1428 rigente
1019 1390 1144 1428 genas

221 1439 476 1490 Implevique
495 1453 653 1478 sacram
673 1439 854 1491 querulis
872 1439 1101 1477 ululatibus
1121 1438 1244 1476 Iden:

274 1502 379 1539 Illuc
398 1501 472 1539 has
493 1502 681 1540 lacrimas
701 1502 742 1538 in
764 1515 855 1539 mea
876 1515 976 1539 saxa
994 1501 1084 1538 tuli.

222 1562 288 1601 Sic
309 1563 465 1601 Helene
485 1564 621 1601 doleat
640 1564 881 1614 deserta-que
899 1563 1070 1613 coniuge
1090 1562 1235 1614 ploret,
1337 1562 1386 1601 15

274 1623 466 1675 Quaeque
485 1625 599 1676 prior
616 1625 734 1663 nobis
756 1625 911 1670 intulit,
933 1625 1024 1676 ipsa
1042 1624 1172 1662 ferat!

219 1685 340 1724 Nunc
356 1687 431 1724 tibi
448 1687 707 1730 conveniunt,
724 1700 828 1737 quae
847 1691 887 1724 te
907 1700 981 1738 per
999 1690 1143 1737 aperta
1161 1689 1386 1737 sequantur

272 1748 462 1798 Aequora
482 1749 687 1799 legitimos
708 1749 1016 1799 destituantque
1035 1748 1144 1786 viros
1162 1763 1170 1793 ;

218 1809 277 1846 At
297 1823 388 1847 cum
410 1824 566 1861 pauper
584 1824 672 1848 eras
693 1815 958 1861 armentaque
977 1814 1119 1861 pastor
1137 1809 1299 1860 agebas,

272 1870 399 1908 Nulla
419 1872 496 1909 nisi
519 1871 683 1910 Oenone
704 1872 896 1923 pauperis
916 1885 1019 1909 uxor
1037 1875 1137 1909 erat.
1332 1868 1384 1908 20

219 1931 312 1969 Non
333 1947 406 1983 ego
426 1934 552 1971 miror
570 1947 678 1984 opes,
699 1947 772 1971 nec
793 1947 856 1971 me
877 1938 949 1971 tua
968 1934 1082 1983 regia
1101 1932 1237 1983 tangit

272 1994 309 2030 N
313 2008 356 2032 ec
376 1994 424 2032 de
446 2000 506 2032 tot
529 1995 681 2033 Priami
703 1995 816 2033 dicar
834 1999 882 2032 ut
901 2008 984 2032 una
1003 2007 1142 2039 nurus,

218 2055 311 2092 Non
332 2060 467 2093 tamen
488 2061 534 2093 ut
557 2056 744 2094 Priamus
759 2056 965 2107 nymphae
981 2069 1094 2094 socer
1107 2069 1195 2093 esse
1209 2055 1384 2101 recuset,

271 2117 357 2154 Aut
379 2117 570 2156 Hecubae
590 2118 738 2155 fuerim
759 2117 1058 2155 dissimulanda
1076 2130 1228 2161 nurus3

218 2178 433 2229 Dignaque
453 2192 542 2216 sum
564 2184 604 2217 et
624 2179 741 2230 cupio
759 2179 844 2216 fieri
865 2185 1052 2217 matrona
1071 2179 1273 2230 potentis:
1329 2177 1382 2217 25

272 2240 378 2278 Sunt
398 2240 511 2285 mihi,
532 2254 631 2290 quas
653 2240 810 2291 possint
830 2245 992 2292 sceptra
1011 2240 1164 2285 decere,
1184 2252 1354 2285 manum
