1491 2390
61 116 153 144 HOW
171 116 354 144 ROMULUS
373 116 452 143 AND
471 117 603 144 REMUS
623 117 735 143 WERE
757 118 910 145 NURSED
931 118 980 144 BY
998 118 1075 144 THE
1096 119 1214 145 WOLF.
1251 107 1299 145 6¹7

125 223 292 268 Albula,
313 237 434 273 quem
455 223 635 260 Tiberim
655 236 812 260 mersus
834 222 1051 260 Tiberinus
1072 224 1115 259 in
1135 223 1256 260 undis

181 284 390 330 Reddidit,
412 285 594 322 hibernis
616 284 722 321 forte
742 284 928 321 tumebat
949 285 1078 334 aquis.

114 339 222 390 Hic,
244 346 316 382 ubi
334 359 443 383 nunc
463 346 552 383 fora
572 349 679 390 sunt,
702 345 845 382 lintres
865 359 1001 383 errare
1022 346 1194 391 videres,

180 405 348 456 Quaque
366 407 502 445 iacent
525 407 659 452 valles,
681 407 861 444 Maxime
883 407 1010 447 Circe,
1033 410 1139 444 tuae.
1252 407 1302 445 10

125 467 220 506 Huc
239 468 310 505 ubi
331 472 726 518 venerunt,—neque
746 468 855 505 enim
874 469 1091 519 procedere
1113 473 1287 518 possunt

179 529 465 579 Longius-ex
484 531 566 567 illis
587 543 692 567 unus
713 533 756 567 et
775 530 880 567 alter
899 530 978 567 ait:

126 592 149 609 “
161 590 220 627 At
235 604 356 640 quam
376 595 471 627 sunt
492 591 644 628 similes
659 590 666 627 Ῐ
688 594 731 627 at
743 604 866 639 quam
882 591 1083 627 formosus
1100 596 1272 641 uterque
1289 590 1296 627 ἴ

178 651 278 689 Plus
299 657 437 689 tamen
457 665 507 689 ex
522 652 604 689 illis
625 652 702 689 iste
721 652 875 701 vigoris
896 651 1032 688 habet.

128 711 172 750 Si
191 726 320 762 genus
341 713 532 763 arguitur
550 713 681 757 vultu,
703 713 783 749 nisi
802 713 914 750 fallit
937 713 1086 762 imago,
1255 718 1300 753 15

177 774 323 811 Nescio
343 788 462 824 quem
482 774 596 811 vobis
617 774 801 824 suspicor
819 787 906 811 esse
926 774 1059 811 deum.

123 834 183 872 At
203 836 329 885 siquis
351 840 510 873 vestrae
530 836 628 872 deus
650 839 757 872 esset
777 836 947 885 originis
969 839 1122 881 auctor,

180 897 231 934 In
252 903 336 934 tam
357 897 575 948 praecipiti
594 900 776 947 tempore
796 897 923 935 ferret
946 911 1086 948 opem:

125 958 268 996 Ferret
287 973 404 1009 opem
424 964 543 1003 certe,
565 959 599 995 si
619 972 700 996 non
719 973 793 1009 ope
813 963 946 997 mater
965 964 1115 1010 egeret,

179 1020 291 1069 Quae
311 1022 420 1059 facta
440 1026 501 1059 est
524 1036 600 1059 uno
621 1027 753 1060 mater
772 1026 813 1059 et
833 1023 931 1059 orba
950 1024 1026 1061 die.
1249 1023 1300 1062 20

124 1083 236 1121 Nata
256 1080 389 1126 simlil,
412 1084 609 1121 moritura
629 1084 764 1129 simul,
786 1084 909 1122 simul
930 1085 986 1122 ite
1007 1086 1083 1122 sub
1104 1086 1253 1130 undas,

181 1144 385 1195 Corpora!
403 1145 424 1158 ”
473 1145 672 1189 Desierat,
695 1145 962 1195 deposuitque
984 1147 1087 1184 sinu.

125 1205 359 1257 Vagierunt
379 1207 496 1244 ambo
517 1207 692 1256 pariter:
725 1207 898 1244 sensisse
924 1213 1105 1257 putares.

182 1269 239 1306 Hi
259 1269 430 1307 redeunt
451 1269 542 1305 udis
563 1268 606 1305 in
627 1281 701 1305 sua
721 1271 831 1305 tecta
850 1269 979 1318 genis.

128 1329 316 1368 Sustinet
337 1330 547 1380 impositos
569 1342 728 1366 summa
749 1342 872 1366 cavus
894 1330 1033 1367 alveus
1054 1331 1176 1368 unda.
1252 1331 1301 1368 25

181 1392 276 1429 Heu
292 1396 491 1442 quantum
510 1391 588 1428 fati
608 1404 738 1441 parva
757 1391 909 1428 tabella
931 1392 1029 1429 tulit
1048 1393 1054 1430 !

126 1453 283 1492 Alveus
304 1454 347 1490 in
368 1453 464 1489 limo
485 1452 598 1489 silvis
621 1453 816 1502 appulsus
837 1453 973 1503 opacis

183 1515 392 1552 Paulatim
412 1514 534 1551 fluvio
556 1514 767 1551 deficiente
788 1515 911 1551 sedet.

125 1576 264 1615 Arbor
283 1580 392 1613 erat:
424 1579 635 1614 remanent
655 1575 841 1625 vestigia.
863 1589 1046 1627 quaeque
1069 1581 1240 1614 vocatur

181 1637 362 1675 Rumina
382 1651 489 1675 nunc
510 1638 621 1683 ficus,
644 1637 820 1674 Romula
840 1638 939 1674 ficus
961 1642 1059 1676 erat.
1250 1638 1303 1676 30

125 1697 255 1737 Venit
275 1699 327 1736 ad
347 1698 756 1749 expositos—mirum
776 1696 939 1748 I—lupa
959 1699 1045 1736 feta
1065 1700 1274 1749 gemellos.

120 1779 127 1783 -
181 1758 283 1807 Quis
304 1761 441 1798 credat
462 1760 598 1810 pueris
620 1773 700 1797 non
720 1759 904 1796 nocuisse
924 1760 1054 1797 feram
1074 1764 1089 1797 ἓ

125 1821 221 1860 Non
237 1822 421 1859 nocuisse
439 1835 584 1872 parum
606 1825 679 1867 est,
693 1821 859 1872 prodest
879 1835 1046 1872 quoque.
1080 1821 1189 1869 Quos
1206 1823 1305 1873 lupa

234 1883 379 1927 nutrit,

183 1944 357 1982 Perdere
379 1949 574 1995 cognatae
595 1946 826 1983 sustinuere
849 1957 1005 1982 manus.

129 2005 339 2051 Constitit,
362 2010 402 2043 et
422 2007 550 2043 cauda
570 2008 719 2045 teneris
740 2007 953 2045 blanditur
970 2007 1159 2051 alumnis,
1254 2006 1304 2044 35

183 2067 238 2104 Et
259 2068 377 2117 fingit
398 2068 539 2117 lingua
559 2081 727 2118 corpora
746 2069 844 2106 bina
864 2082 948 2106 sua.

129 2127 265 2167 Marte
286 2134 394 2166 satos
415 2130 537 2166 scires
554 2146 560 2166 :
592 2130 716 2167 timor
734 2130 850 2167 afuit.
910 2130 1050 2168 Ubera
1070 2129 1237 2166 ducunt.

181 2190 269 2228 Nec
288 2191 366 2228 sibi
385 2191 576 2240 promissi
596 2191 714 2228 lactis
734 2192 906 2229 aluntur
923 2204 1009 2238 ope.
