1491 2390
426 106 478 133 AN
508 94 659 132 Eme’s
688 105 857 132 LAMENT.
992 83 996 86 ’
1227 95 1278 133 53

112 211 225 253 Usus
245 211 338 262 equi
357 224 465 248 nunc
486 217 558 255 est,
580 209 737 247 levibus
758 222 866 246 nuno
885 209 1046 246 luditur
1064 209 1200 255 armis,

166 273 286 311 Nunc
305 273 402 323 pila,
423 284 532 309 nunc
551 271 672 308 celeri
692 270 874 308 volvitur
893 271 988 308 orbe
1009 273 1187 320 trochus,
1229 274 1279 312 20

111 334 153 372 N
154 347 244 374 unc.
266 333 337 370 ubi
357 332 524 383 perfusa
544 336 604 369 est
625 331 711 369 oleo
731 331 905 376 labente,
926 331 1118 371 iuventus

166 395 358 432 Defessos
379 402 492 431 artus
512 392 686 442 Virgine
706 392 861 442 tinguit
882 405 997 442 aqua.

115 455 269 494 Scaena
288 455 413 505 viget,
436 454 662 503 studiisque
681 454 800 491 favor
819 453 1069 492 distantibus
1091 457 1218 502 ardet,

166 516 325 566 Proque
346 515 478 553 tribus
498 518 689 552 resonant
710 519 828 552 terna
846 515 1010 554 theatra
1029 518 1140 555 foris.

112 576 148 616 Ο
168 585 324 628 quater,
345 590 368 614 o
388 577 574 626 quotiens
594 589 676 613 non
695 580 755 613 est
776 589 1002 623 numerare,
1023 578 1200 626 beatum,
1227 581 1276 619 25

164 639 257 675 Non
276 638 497 675 interdicta
517 637 582 674 cui
601 637 697 674 licet
717 637 830 674 Urbe
849 638 933 674 frui
950 639 957 675 !

109 700 168 738 At.
187 699 290 736 mihi
311 699 489 736 sentitur
506 698 578 734 nix
598 711 722 735 verno
742 698 825 735 sole
845 698 991 745 soluta,

163 760 356 811 Quaeque
376 760 467 798 lacu
487 759 588 796 duro
607 772 689 796 non
707 759 924 797 fodiuntur
942 774 1069 811 aquae
1086 778 1094 807 ;

109 821 195 860 Nec
207 835 319 859 mare
333 820 551 859 concrescit
565 820 707 870 glacie,
723 833 797 857 nec
812 824 859 857 ut-
874 825 981 867 ante,
995 836 1068 872 per
1084 824 1276 862 Histrum

165 883 349 920 Stridula
371 881 630 919 Sauromates
650 881 837 931 plaustra
856 882 1057 921 bubulcus
1078 885 1175 934 agit.
1225 886 1276 923 30

109 944 314 994 Incipient
334 944 493 993 aliquae
513 947 651 980 tamen
672 942 751 980 huc
771 956 922 981 annare
943 945 1114 992 carinae,

162 1005 419 1055 Hospitaque
439 1004 483 1040 in
503 1003 625 1040 Ponti
646 1003 765 1041 litore
785 1004 936 1054 puppis
958 1006 1047 1043 erit.

110 1065 284 1104 Sedulus
304 1078 513 1103 occurram
532 1069 693 1109 nautae,
711 1064 900 1114 dictaque
917 1066 1060 1112 salute,

161 1125 272 1175 Quid
290 1127 441 1171 vem'at,
462 1139 665 1176 quaeram,
687 1126 830 1176 quisve
850 1126 1049 1176 quibusve
1069 1128 1178 1168 loeis.

371 1273 445 1310 An
473 1272 645 1309 Exfle’s
676 1272 883 1309 Lament-

600 1356 664 1406 (α)

111 1434 309 1484 Tempore
328 1433 529 1470 ruricolae
547 1432 709 1482 patiens
730 1433 775 1470 fit
796 1437 939 1470 taurus
960 1435 1100 1480 arat-ri,

161 1494 336 1532 Praebet
356 1499 396 1531 et
416 1494 585 1531 incurvo
605 1493 710 1531 colla
729 1495 951 1544 premenda
971 1495 1066 1545 iugo
1083 1512 1089 1536 ;

107 1557 305 1606 Tempore
324 1560 443 1606 paret
463 1568 590 1604 equus
611 1555 733 1593 lentis
754 1556 961 1593 animosus
982 1557 1166 1604 habenis,

160 1618 213 1655 Et
237 1617 398 1668 placido
418 1616 540 1654 duros
561 1617 710 1666 accipit
730 1630 798 1654 ore
810 1617 951 1667 lupos;

107 1679 306 1729 Tempore
327 1678 555 1715 Poenorum
576 1678 849 1727 compescitur
866 1679 928 1716 ira
947 1679 1122 1726 leonum,
1246 1682 1270 1720 5

159 1740 245 1778 Nec
264 1740 408 1777 feritas
429 1739 576 1784 animo,
598 1752 701 1788 quae
721 1739 804 1776 fuit
823 1744 930 1784 ante,
952 1745 1102 1786 manet,

106 1800 301 1851 Quaeque
321 1801 384 1838 sui
404 1800 571 1837 monitis
591 1800 848 1850 obtemperat
869 1801 973 1838 Inda
992 1802 1182 1852 magistri

160 1863 302 1907 Belua,
323 1861 539 1899 servitium
558 1865 742 1911 tempore
761 1862 873 1899 victa
893 1862 1015 1899 subit.

107 1925 298 1974 Tempus,
318 1931 365 1960 ut
385 1922 562 1960 extensis
582 1926 751 1967 tumeat,
771 1923 884 1967 facit,
906 1937 988 1961 uva
1005 1925 1187 1963 racemis.
1242 1923 1271 1963 9

159 1985 323 2034 Vixque
338 1997 495 2021 merum
512 1983 676 2033 capiant
689 1997 830 2033 grana,
847 1984 954 2032 quod
969 1985 1081 2020 intus
1095 1985 1269 2034 habent3

107 2047 285 2097 Tempus
306 2049 347 2082 et
365 2044 409 2081 in
429 2057 549 2081 canas
570 2057 707 2081 semen
727 2044 917 2094 producit
936 2045 1097 2091 aristas,

161 2108 215 2145 Et
234 2120 284 2144 ne
303 2106 387 2143 sint
407 2105 518 2142 tristi
538 2118 659 2156 poma
678 2119 832 2155 sapore,
854 2112 982 2143 cavet.

106 2169 198 2207 Hoc
217 2172 361 2206 tenuat
380 2167 543 2204 dentem
564 2171 716 2204 terram
735 2167 972 2205 renovantis
993 2167 1133 2214 aratri,

160 2228 250 2267 Hoc
268 2229 422 2280 rigidas
443 2228 588 2275 silices,
609 2228 685 2266 hoc
705 2228 925 2267 adamanta
944 2230 1053 2267 terit.
