1491 2390
385 104 463 131 'mn
493 103 614 132 STORY
641 103 688 132 or
715 89 937 130 ΡΗΑίέΤΗοΝ.
1247 88 1296 128 77

136 207 303 246 l'ntonat
322 211 362 245 et
382 207 527 245 dextra
546 207 743 244 libratum
762 206 921 243 fulmen
941 205 992 243 ab
1015 218 1112 243 aure

135 268 252 307 Misit
270 269 314 307 in
333 269 519 319 aurigam
537 268 772 320 pariterque
791 268 1008 318 animaque
1028 267 1209 318 rotisque

136 327 319 381 Expulit,
340 334 381 368 et
400 330 532 368 saevis
553 329 802 380 compescuit
821 329 987 379 ignibus
1009 329 1136 379 ignes.
1251 327 1300 367 10

135 391 462 430 Consternantur
481 391 574 442 equi
593 394 634 429 et
654 391 764 429 saltu
783 391 827 427 in
847 391 1053 428 contraria
1073 391 1181 428 facto

134 452 250 491 Colla
268 453 364 503 iugo
384 453 565 503 eripiunt
585 452 840 503 abruptaque
861 451 948 490 lora
966 452 1216 502 relinquunt.

136 514 228 553 Illic
246 514 363 552 frena
382 514 528 560 iacent,
550 514 635 551 illic
655 518 814 551 temone
835 514 1022 551 revulsus

133 575 249 622 Axis,
270 575 314 613 in
333 575 411 613 hac
429 575 535 613 radii
553 575 779 612 fractarum
799 579 916 625 parte
936 579 1131 620 rotarum,

137 636 369 694 Sparsaque
388 640 485 674 sunt
505 637 587 674 late
606 636 730 674 laceri
750 636 926 687 vestigia
946 650 1100 674 currus.
1250 636 1298 674 15

133 699 192 737 At
212 697 440 744 Phaethon,
460 698 606 736 rutilos
626 698 791 736 flamma
810 698 1032 749 populante
1062 697 1244 748 capillos,

133 759 330 798 Volvitur
348 760 391 797 in
409 773 603 811 praeceps
624 760 825 810 longoque
844 773 918 810 per
938 763 1032 797 a'era
1052 763 1190 797 tractu

136 822 295 867 Fertur,
315 824 363 859 ut
382 821 589 859 interdum
610 822 659 859 de
680 822 790 859 caelo
811 821 930 859 stella
950 835 1091 859 sereno

135 883 226 921 Etsi
245 896 327 921 non
346 883 503 928 cecidit,
524 883 661 934 potuit
682 883 874 921 cecidisse
895 883 1039 920 videri.

135 944 265 992 Quem
284 945 426 996 procul
446 958 470 982 a
489 945 623 995 patria
639 945 798 982 diverso
818 945 1021 982 maximus
1043 945 1138 982 orbe
1249 944 1300 982 20

135 1007 301 1058 Excipit
321 1006 536 1052 Eridanus,
552 1006 834 1055 fumantiaque
851 1006 984 1043 abluit
1003 1019 1084 1043 ora.

135 1070 288 1109 Naides
309 1070 533 1121 Hesperiae
554 1070 689 1107 trifida
710 1070 913 1107 fumantia
934 1071 1100 1107 flamma

136 1131 319 1183 Corpora
363 1131 463 1169 dant
506 1131 676 1177 tumulo,
716 1132 882 1181 signant
920 1145 1079 1182 quoque
1117 1131 1297 1170 carmine

294 1206 463 1231 saxum:

138 1265 206 1294 mc
219 1265 229 1275 ·
243 1265 367 1293 SITUS·
377 1265 462 1292 EST·
473 1265 692 1300 PHAETHON,
703 1265 711 1273 ·
722 1265 1236 1293 CFRRUS·AUR1GA·PATERM
1256 1267 1263 1274 ·

138 1325 1183 1359 QUEM‘SI‘NON'TENUIT·MAGNISTAMEXEXCIDIT‘AUSIS,
1247 1317 1296 1355 25
