1491 2390
96 75 151 116 62
524 90 681 118 STORIES
711 90 814 118 FROM
843 91 943 120 evm.

204 194 267 235 Ais
284 199 344 242 tu,
365 197 482 245 siqua
501 196 604 246 piae,
626 196 803 246 Lynceu,
825 195 902 232 tibi
922 207 1021 232 eura
1039 208 1201 242 sororis,

260 255 452 307 Quaeque
473 257 550 294 tibi
569 257 698 294 tribui
717 270 898 302 munera,
920 256 1070 306 dignus
1085 256 1224 302 habes,

204 318 287 356 Vel
306 319 369 356 fer
387 331 516 368 opem,
538 318 603 355 vel
624 318 723 355 dede
744 318 832 355 neci
853 318 1126 368 defunctaque
1147 317 1234 355 vita
1322 318 1370 356 15

260 380 442 430 Corpora
460 379 628 416 furtivis
649 380 817 429 insuper
836 379 939 416 adde
958 379 1068 429 rogis

208 442 262 478 Et
281 441 407 491 sepeli
427 441 604 478 lacrimis
625 441 793 490 perfusa
811 440 998 478 fidelibus
1018 453 1120 486 ossa,

262 502 512 553 Sculpfiaque
532 503 615 539 sint
636 501 758 539 titulo
778 506 918 539 nostra
937 501 1125 552 sepulcra
1143 501 1259 540 brevi
1276 519 1283 540 :

207 575 308 602 Exul,
325 574 632 601 'HYPERMESTRA
647 575 653 582 ·
669 574 841 600 PRETIUM
857 574 864 581 ·
879 574 1051 600 PIETATIS
1067 574 1074 581 ·
1089 574 1261 606 IMQUUM
1277 576 1283 583 ·

258 636 365 668 QUAM
381 637 388 644 ·
404 636 566 663 MORTEM
582 637 589 644 ·
604 636 742 662 FRATm
758 636 765 643 ·
780 635 948 662 DEPULIT
962 635 970 643 ·
985 635 1069 661 IPSA
1083 636 1090 643 ·
1105 636 1230 662 TULIT.
1319 625 1370 663 20

207 685 392 724 Scribere
411 687 531 737 plura
550 687 662 733 libet,
684 687 755 724 sed
775 687 952 737 pondere
973 686 1089 736 lapsa
1108 694 1274 725 catenae

258 748 334 786 Est
354 761 511 794 manus,
533 752 574 786 et,
593 749 699 786 vires
721 748 929 786 subtrahit
948 747 1036 798 ipse
1056 747 1189 785 timor.

644 896 840 933 Oenone.

700 981 765 1031 (a)

96 1047 158 1088 52.
204 1049 425 1101 Perlegis?
472 1051 540 1088 An
559 1053 737 1091 coniunx
769 1052 965 1103 prohibet}
987 1048 1129 1089 nova?
1172 1049 1366 1102 Perlege!

361 1112 402 1150 N
404 1126 456 1150 on
475 1118 537 1151 est

256 1173 344 1211 Ista
363 1174 586 1224 Mycenaea
605 1176 746 1214 littera
764 1176 876 1214 faeta
894 1189 1030 1213 manu.

202 1234 372 1285 Pegasis
394 1236 570 1282 Oenone,
593 1237 786 1288 Phrygiis
807 1238 1071 1276 celeberrima
1090 1237 1218 1283 silvis,

256 1297 385 1335 Laesa
404 1311 551 1347 queror
569 1299 619 1336 de
638 1303 690 1343 te,
712 1300 747 1336 si
766 1299 879 1345 sinis,
899 1299 990 1350 ipsa
1009 1312 1109 1336 meo.

199 1356 302 1405 Quis
324 1359 423 1397 deus
442 1362 636 1410 opposuit,
654 1361 805 1398 nostris
827 1363 900 1398 sua
919 1361 1090 1398 numina
1109 1361 1215 1398 votis
1235 1359 1253 1398 Ρ
1341 1361 1365 1398 5

254 1420 316 1457 Ne
337 1424 409 1458 tua
429 1435 700 1471 permaneam,
721 1422 829 1471 quod
848 1422 951 1459 mihi
970 1423 1123 1460 crimen
1143 1422 1258 1460 obest
1275 1420 1294 1460 ⁴?

202 1481 378 1526 Leniter,
400 1496 449 1520 ex
469 1483 614 1520 merito
635 1483 835 1533 quidquid
853 1484 1023 1534 patiare,
1043 1484 1257 1522 ferendum
1277 1490 1337 1522 est
1353 1500 1362 1530 3

254 1542 367 1589 Quae
387 1544 501 1581 venit
520 1545 690 1594 indigno
709 1558 851 1595 poena,
873 1545 1046 1583 dolenda
1066 1546 1189 1582 venit.

199 1603 392 1642 Nondum
413 1609 552 1643 tantus
574 1619 674 1650 eras,
697 1619 788 1643 eum
809 1609 849 1644 te
869 1611 1061 1644 contenta
1080 1607 1227 1645 marito

253 1665 378 1703 Edita
397 1667 445 1704 de
466 1680 614 1717 magno
634 1667 800 1705 flumine
820 1668 1004 1718 nympha
1022 1668 1106 1714 fui;
1315 1668 1365 1707 10

198 1724 279 1773 Qui
300 1741 407 1765 nune
428 1728 667 1774 Priamides,
693 1729 822 1778 (absib
841 1730 1071 1767 reverentia
1090 1743 1185 1768 vero
1201 1729 1229 1775 l)

255 1789 405 1826 Servus
426 1803 514 1827 eras
532 1807 538 1827 :
570 1804 686 1828 servo
706 1791 858 1828 nubere
879 1791 1062 1842 nympha
1082 1792 1171 1829 tuli.

198 1848 329 1900 Saepe
350 1865 493 1900 greges
515 1852 623 1889 inter
643 1853 916 1902 requievimus
937 1853 1080 1891 arbore
1100 1853 1210 1899 teeti,

252 1911 463 1962 Mixtaque
484 1927 575 1950 cum
595 1914 705 1951 foliis
728 1915 917 1964 praebuit
938 1915 1064 1953 herba
1084 1920 1242 1963 torum3

197 1972 329 2023 Saepe
349 1987 473 2024 super
491 1980 671 2012 stramen
692 1976 890 2025 faenoque
910 1977 1136 2014 iacentibus
1157 1977 1241 2015 alto
1311 1977 1360 2016 15

251 2035 431 2073 Defensa
453 2041 515 2073 est
536 2036 681 2073 humili
703 2051 804 2074 cana
824 2038 972 2088 pruina
991 2052 1095 2076 casa.

196 2093 298 2143 Quis
321 2097 395 2133 tibi
417 2098 671 2135 monstrabat
691 2099 820 2136 saltus
842 2099 1059 2137 venatibus
1079 2104 1209 2151 aptos.

250 2157 305 2195 Et
326 2162 479 2207 tegeret
501 2160 656 2197 catulos
678 2174 759 2209 qua
778 2161 865 2198 fera
885 2174 984 2211 rupe
1004 2175 1097 2199 suos
1117 2160 1135 2199 P

199 2218 321 2257 Retia
340 2233 459 2270 saepe
479 2235 611 2259 comes
632 2222 802 2259 maculis
823 2222 1020 2261 distincta
1040 2223 1207 2268 tetendi,
