1491 2390
88 79 143 118 30
515 88 672 116 sromsss
701 88 806 115 FROM
835 88 939 116 ovm.

170 194 338 243 Iamque
358 196 474 230 satur
492 192 622 242 nigris
638 192 806 242 longum
821 192 931 242 rapit
945 193 1152 243 unguibus
1168 193 1359 244 hydrum,

222 255 289 291 Ad
309 254 598 302 dominumque
617 253 736 298 redit,
756 253 928 302 fictaque
947 253 1073 291 verba
1091 254 1217 291 refert
1238 271 1245 290 ε

168 318 191 335 “
207 316 287 353 Hic
306 315 410 351 mihi
430 317 551 352 causa
569 327 716 359 morae,
737 314 926 351 vivarum
941 314 1125 352 obsessor
1139 328 1357 364 aquarum:

222 377 303 414 Hic
322 376 457 414 tenuit
475 375 609 412 fontes
629 375 883 424 officiumque
902 375 1078 413 meum.”

169 440 191 457 ‘⁶
206 438 337 475 Addis
355 437 376 452 ”
397 437 456 474 ait
477 439 499 454 ‘⁴
516 437 658 486 culpae
671 436 921 482 mendacia‚”
938 436 1126 474 Phoebus
1143 440 1165 456 “
1181 442 1221 475 et
1237 438 1360 476 audes

222 499 454 537 Fatidicum
473 497 772 535 verbis.fallere
792 498 897 535 velle
915 497 1035 535 deum
1051 496 1070 536 P
1312 499 1361 536 16

167 559 226 598 At
245 560 334 605 tibi,
355 560 453 596 dum
473 559 627 596 lactens
648 558 833 595 haerebit
851 558 896 595 in
915 558 1058 596 arbore
1077 559 1188 605 ficus,

222 621 283 659 De
303 621 416 658 nullo
436 620 594 670 gelidae
614 619 727 657 fonte
747 619 941 657 bibentur
959 619 1126 670 aquae.'‘

495 742 611 778 Bees
629 740 720 777 ancl
739 741 955 778 Eomets.

212 818 274 867 (a)
299 818 396 855 How
416 818 591 855 Bacchus
611 818 722 854 hired
743 818 802 854 the
812 817 903 868 first
921 831 1060 855 swarm
1079 817 1122 869 of
1137 817 1242 856 Bees.

89 886 150 926 10.
194 887 295 925 Liba
315 888 388 925 deo
409 887 525 933 fiunt,
548 888 654 924 sucis
675 886 772 936 quia
791 886 978 924 dulcibus
997 887 1106 925 idem

249 948 423 993 Gaudet,
445 951 485 985 et
505 961 529 985 a
549 948 709 985 Baccho
729 947 852 985 mella
871 952 1032 998 reperta
1050 948 1200 986 ferunt.

195 1009 289 1046 Ibat
309 1009 506 1046 harenoso
526 1008 676 1059 satyris
697 1009 914 1046 comitatus
935 1008 987 1046 ab
1008 1008 1216 1053 Hebro,—

248 1070 341 1108 Non
361 1070 484 1108 habet
504 1070 688 1120 ingratos
707 1069 847 1107 fabula
865 1071 1003 1107 nostra
1022 1070 1182 1108 iocos—

196 1131 363 1181 Iamque
384 1134 472 1168 erat
492 1130 544 1168 ad
563 1130 793 1181 Rhodopen
814 1130 1079 1181 Pangaeaque
1099 1130 1241 1168 florida
1267 1143 1362 1169 ven·

302 1197 403 1237 tum,
1338 1192 1363 1229 5

248 1254 460 1291 Aeriferae
479 1253 675 1291 comitum
695 1266 963 1304 concrepuere
982 1257 1139 1291 mansis.

196 1314 298 1352 Ecce
319 1328 446 1352 novae
466 1317 614 1352 coeunt
632 1314 816 1353 volucres
836 1314 1057 1351 tinnitibus
1077 1318 1204 1359 actae,

249 1375 438 1426 Quosque
458 1381 625 1414 movent
644 1376 802 1414 sonitus
823 1390 915 1421 aera,
935 1379 1164 1426 sequuntur
1183 1387 1291 1427 apes.

197 1436 367 1487 Colligit
387 1442 568 1476 errantes
589 1442 630 1476 et
649 1438 692 1475 in
711 1438 853 1476 arbore
873 1437 1029 1476 claudit
1048 1437 1161 1475 inani

252 1498 385 1544 Liber,
407 1502 448 1536 et
467 1499 626 1537 inventi
645 1499 829 1549 praemia
847 1498 980 1537 mellis
1001 1498 1136 1536 habet.
1316 1495 1366 1535 10

269 1592 331 1642 (b)
364 1593 460 1630 How
482 1592 640 1631 Silenus
651 1593 779 1643 found
798 1607 823 1630 a
842 1593 937 1630 Nest
956 1592 1000 1643 of
1016 1592 1193 1630 Hornets.

91 1661 152 1700 11.
195 1662 255 1700 Ut
275 1662 405 1713 satyri
426 1663 609 1712 levisque
629 1675 751 1700 senex
772 1662 945 1713 tetigere
964 1674 1163 1713 saporem,

250 1723 510 1770 Quaerebant
529 1724 654 1761 flavos
674 1737 748 1774 per
766 1737 908 1761 nemus
928 1737 1046 1762 omne
1066 1723 1193 1762 favos.

197 1784 329 1821 Audit
349 1784 391 1820 in
410 1789 529 1822 exesa
549 1784 764 1822 stridorem
785 1784 983 1822 examinis
1004 1783 1127 1830 ulmo,

250 1845 413 1894 Aspicit
432 1849 473 1883 et
492 1859 603 1883 ceras
623 1845 936 1894 dissimulatque
955 1858 1100 1891 senex3

198 1905 337 1955 thue
358 1906 475 1956 piger
494 1906 618 1956 pandi
639 1910 753 1956 tergo
775 1905 1126 1950 residebataselli,
1340 1904 1366 1942 5

251 1966 449 2016 Applicat
469 1966 576 2004 hunc
597 1966 707 2003 ulmo
727 1966 1026 2015 corticibusque
1045 1966 1168 2004 cavis.

199 2026 398 2065 Constitit
418 2027 504 2078 ipse
524 2041 649 2079 super
667 2041 825 2065 ramoso
846 2027 988 2078 stipite
1008 2028 1141 2072 nixus,

253 2089 388 2138 Atque
410 2089 528 2126 avide
550 2093 692 2127 trunco
713 2089 878 2127 condita
896 2089 1020 2127 mella
1038 2088 1153 2139 petit.

200 2149 319 2187 Milia
338 2150 578 2187 crabronum
599 2155 758 2195 coeunt,
780 2155 820 2188 et
840 2150 992 2188 vertice
1012 2149 1121 2187 nudo

255 2211 422 2262 Spicula
442 2211 636 2259 defigunt,
657 2214 805 2262 oriique
825 2211 926 2249 sinu]
946 2215 1101 2249 notant.
1319 2207 1370 2248 10
