1491 2390
90 123 184 150 wmr
212 121 296 149 Pms
324 121 404 148 ΛΝΒ
434 120 551 148 GOATs
579 121 655 147 Am:
685 120 860 147 OFFERED
890 119 932 145 m
962 119 1172 146 SACRIFICE.
1231 111 1276 146 41

118 226 312 264 Protinus
332 225 468 276 ignari
487 238 561 263 nec
579 225 798 274 quicquam
818 224 900 261 tale
921 224 1105 261 timentis
1237 223 1287 260 25

172 287 398 324 Innocuum
418 287 550 336 rigido
570 286 753 337 perforat
773 298 867 322 ense
889 285 1008 330 latus,

119 349 257 398 Atque
277 348 337 385 ita
357 349 530 393 divellit,
552 347 793 396 divulsaque
813 347 998 384 membra
1016 360 1090 396 per
1109 359 1227 396 agros

175 409 362 460 Dissipat
382 410 425 446 in
444 409 586 445 multis
606 407 853 445 invenienda
873 407 982 444 locis.

121 471 215 509 Neu
234 476 352 521 pater
371 471 542 521 ignoret,
564 469 728 520 scopulo
748 469 941 519 proponit
961 469 1004 505 in
1024 469 1108 505 alto

179 532 466 580 Pallentesque
486 544 630 568 manus
651 531 1000 580 sanguineumque
1021 534 1155 579 caput,
1239 528 1291 568 30

123 594 184 632 Ut
203 593 365 643 genitor
383 593 576 641 luctuque
597 605 700 629 novo
721 591 909 628 tardetur
929 596 980 636 et,
1003 596 1116 628 artus

178 655 288 691 Dum
309 655 409 704 legit
429 655 642 699 extinctos,
665 653 782 690 triste
802 653 984 690 retardet
1003 653 1093 690 iter.

122 717 224 755 Inde
245 716 360 753 Tomi
382 716 514 752 dictus
536 715 646 752 locus
666 715 744 759 hic,
766 715 863 763 quia
882 714 1016 751 fertur
1035 715 1078 751 in
1098 714 1172 752 illo

177 777 365 814 Membra
384 789 496 814 soror
522 776 665 814 fratris
686 775 938 813 consecuisse
959 774 1034 811 sui.

69 962 187 1008 'why
215 962 327 1008 Pigs
355 961 445 998 and
472 960 613 997 Goats
641 969 720 996 are
748 958 916 997 offered
942 957 993 995 in
1022 956 1251 995 Sacrifica

19 1072 83 1115 28⁰
128 1074 249 1120 Ante,
267 1074 361 1112 deos
382 1071 538 1110 homini
557 1072 665 1121 quod
685 1071 899 1109 conciliare
916 1071 1082 1115 valeret,

183 1137 263 1173 Far
282 1141 369 1173 erat
390 1140 429 1172 et
449 1134 544 1185 puri
563 1134 699 1171 lucida
719 1133 825 1169 mica
845 1133 954 1170 salis.

129 1197 321 1236 Nondum
343 1196 569 1247 pertulerat
590 1194 824 1231 lacrimatas
845 1194 994 1231 cortice
1014 1204 1173 1229 murras

183 1259 290 1295 Acta
309 1270 382 1307 per
401 1268 619 1305 aequoreas
639 1255 805 1305 hospita
824 1255 940 1292 navis
963 1267 1087 1303 aquas
1103 1269 1110 1299 3

130 1320 241 1357 Tura
260 1332 332 1356 nec
354 1317 598 1368 EuphrateS,
619 1330 692 1353 nec
712 1317 881 1354 miserat
901 1317 1021 1353 India
1041 1319 1211 1361 costum,
1271 1311 1298 1352 5

187 1382 271 1418 Nec
291 1381 456 1418 fuerant
475 1378 593 1415 rubri
613 1379 778 1428 cognita
797 1379 866 1415 fila
886 1378 1002 1416 croci.

132 1443 220 1481 Ara
240 1442 362 1479 dabat
382 1441 518 1479 fumos
538 1440 674 1478 herbis
695 1444 887 1477 contenta
904 1439 1082 1483 Sabinis,

188 1504 242 1542 Et
262 1518 342 1541 non
362 1504 509 1554 exiguo
529 1504 668 1540 laurus
690 1502 836 1538 adusta
857 1515 964 1538 sono.

139 1566 276 1617 Siquis
298 1571 396 1611 erat,
418 1565 539 1602 factis
560 1564 670 1614 prati
688 1563 737 1600 de
757 1563 851 1600 flore
872 1563 1028 1600 coronis

191 1628 271 1676 Qui
291 1632 427 1678 posset
447 1626 575 1663 violas
597 1625 755 1670 addere,
778 1624 891 1662 dives
912 1628 1010 1662 erat.
1255 1620 1306 1660 10

137 1691 231 1735 Hic,
252 1690 322 1739 qui
342 1702 449 1726 nunc
470 1687 602 1738 aperit
622 1686 804 1736 percussi
823 1686 980 1723 viscera
1000 1685 1120 1731 tauri,

191 1754 241 1790 In
261 1751 386 1789 sacris
406 1749 566 1786 nullum
587 1748 718 1785 culter
737 1747 915 1785 habebat
935 1761 1048 1797 opus.

140 1814 280 1852 Prima
301 1812 423 1850 Ceres
443 1810 586 1848 avidae
606 1809 749 1859 gavisa
769 1813 830 1846 est
851 1809 1049 1858 sanguine
1070 1821 1229 1859 porcae,

192 1876 295 1914 Ulta
316 1887 410 1912 suas
431 1873 578 1910 merita
597 1871 718 1908 caede
737 1871 920 1908 nocentis
941 1883 1048 1920 opes.

140 1938 248 1976 Nam
268 1941 359 1975 sata
378 1948 471 1972 vere
491 1946 595 1971 novo
615 1933 766 1970 teneris
787 1932 983 1969 lactentia
1003 1931 1110 1969 sucis
1260 1929 1308 1967 15

196 2000 327 2036 Eruta
346 1996 571 2045 saetigerae
592 1993 791 2043 comperit
810 2006 877 2030 ore
898 1993 995 2030 suis.

145 2060 223 2099 Sus
244 2060 412 2098 dederat
431 2069 581 2107 poenas
600 2072 606 2092 :
638 2055 824 2105 exemplo
845 2055 1014 2092 territus
1036 2054 1159 2091 huius

198 2121 373 2159 Palmite
394 2118 591 2156 debueras
612 2116 871 2161 abstinuisse,
893 2129 1026 2166 caper.

144 2181 275 2231 Quem
294 2185 483 2232 spectans
504 2179 652 2228 aliquis
674 2178 815 2216 dentes
836 2178 879 2214 in
899 2177 983 2214 vite
1004 2178 1273 2227 prementem,

197 2244 314 2281 Talia
332 2255 414 2279 non
433 2240 559 2278 tacito
580 2239 692 2276 dicta
712 2238 848 2276 dolore
870 2237 1010 2274 dedit:
1267 2234 1316 2270 20
