1491 2390
132 88 184 130 52

116 1181 182 1224 41.

555 100 712 128 STORIES
741 100 845 128 FROM
874 100 978 133 OVID.

235 203 356 243 Nunc
376 203 510 241 senior
527 203 744 254 gladioque
764 203 873 240 latus
893 206 1085 253 scutoque
1105 201 1327 248 sinistram,

289 264 493 302 Canitiem
512 265 652 314 galeae
672 264 905 313 subicioque
925 277 1068 301 meam.
1216 270 1220 278 ¹

233 326 342 364 Nam
362 326 475 363 dedit
495 339 515 363 e
536 326 701 376 specula
720 329 855 362 custos
875 325 946 362 ubi
966 325 1084 375 signa
1102 324 1317 371 tumultus,
1366 323 1392 362 5

287 387 502 424 Induimus
521 387 683 437 trepida
701 387 888 436 protinus
909 399 1022 424 arma
1040 399 1175 423 manu.

233 449 389 493 Hostis,
411 449 565 486 habens
586 460 702 485 arcus
722 447 961 496 imbutaque
980 448 1063 485 tela
1082 447 1261 492 venenis,

288 510 440 548 Saevus
462 508 674 546 anhelanti
691 508 851 545 moenia
870 508 1021 545 lustrat
1041 521 1163 557 equ03

231 572 370 621 thue
389 583 518 620 rapax
537 568 746 619 pecudem,
767 581 869 617 quae
889 581 932 606 se
951 582 1033 605 non
1051 568 1155 605 texit
1175 567 1284 612 ovili,

286 632 365 670 Per
383 635 484 676 sata,
500 644 573 681 per
592 629 716 666 silvas
736 629 896 678 fertque
916 629 1125 678 trahitque
1144 629 1265 679 lupus
1283 645 1289 665 2
1342 628 1394 665 10

233 693 312 739 Sic,
333 693 490 742 siquem
509 691 690 728 nondum
709 695 921 740 portarum
941 703 1061 740 saepe
1079 694 1288 740 receptum

283 754 490 792 Barbarus
511 753 555 789 in
574 751 728 801 campis
748 751 930 801 repperit
950 751 1092 793 hostis,
1113 751 1236 788 habet
1254 767 1260 787 ι

228 817 316 855 Aut
336 815 522 864 sequitur
541 817 685 863 captus
706 813 966 862 coniectaque
986 811 1151 849 vincula
1171 812 1272 850 collo

281 876 458 926 Accipit,
480 879 552 913 aut
571 875 653 912 telo
673 873 786 911 virus
806 873 984 911 habente
1007 874 1126 924 perit.

228 939 310 976 Hic
330 951 402 987 ego
423 936 622 974 sollicitae
643 935 749 972 lateo
768 947 897 972 novus
918 935 1050 972 incola
1070 935 1176 972 sedis
1193 952 1199 972 :
1343 934 1392 973 15

282 999 377 1036 Heu
395 998 568 1035 nimium
588 997 666 1034 fati
686 1000 872 1046 tempora
891 996 1003 1033 lenta
1022 996 1101 1034 mei
1118 996 1126 1033 !

362 1110 658 1157 Spring-time
686 1109 748 1155 by
773 1109 854 1146 the
884 1109 1025 1145 Black
1054 1110 1151 1146 Sea..

226 1183 397 1232 Frigora
416 1182 499 1218 iam
520 1180 688 1230 zephyri
707 1180 911 1223 minuunt,
933 1192 1119 1230 annoque
1139 1186 1302 1231 peracto

280 1243 457 1293 Longior
476 1242 656 1290 antiquis
676 1241 766 1278 visa
786 1240 958 1277 Tomitis
982 1240 1112 1278 hiems
1130 1257 1138 1286 ;

226 1305 547 1355 Impositamque
568 1303 647 1340 sibi
667 1303 737 1352 qui
757 1315 839 1339 non
858 1302 959 1339 bene
980 1303 1152 1352 pertulit
1174 1303 1336 1350 Hellen,

279 1366 479 1415 Tempora
498 1364 708 1401 nocturnis
730 1377 857 1413 aequa
879 1363 1026 1401 diurna
1046 1364 1157 1402 facit.

226 1428 315 1465 Iam
335 1427 486 1463 violam
506 1426 702 1476 puerique
722 1425 864 1474 legunt
888 1425 1117 1475 hilaresque
1137 1426 1310 1476 puellae,
1365 1427 1392 1465 5

279 1488 451 1525 Rustica
471 1500 574 1537 quae
594 1487 706 1523 nullo
727 1492 825 1523 nata
845 1492 1003 1523 serente
1025 1487 1135 1523 venit
1152 1503 1159 1530 ;

226 1549 430 1599 Prataque
450 1549 679 1599 pubescunt
699 1547 905 1584 variorum
925 1547 1020 1584 flore
1041 1547 1233 1593 colorum,

278 1610 530 1659 Indocilique
551 1609 699 1659 loquax
719 1612 888 1659 gutture
909 1612 1055 1646 vernat
1074 1610 1185 1652 avis:

224 1672 363 1722 thue
383 1672 514 1708 malac
535 1671 678 1708 matris
699 1670 852 1708 crimen
873 1670 1061 1720 deponat,
1083 1670 1260 1708 hirundo

280 1733 365 1770 Sub
386 1732 571 1770 trabibus
593 1744 717 1769 cunas
739 1736 925 1781 tectaque
946 1744 1074 1782 parva
1093 1731 1191 1769 facit
1208 1748 1216 1775 ;
1340 1731 1389 1770 10

225 1793 456 1843 Hermique,
477 1806 579 1843 quae
600 1793 723 1830 latuit
745 1792 980 1830 Cerealibus
1001 1792 1148 1830 obruta
1167 1793 1303 1838 sulcis,

279 1855 377 1892 Exit
397 1860 437 1892 et
457 1855 653 1906 expandit
674 1854 794 1892 molle
815 1867 1007 1892 cacumen
1028 1854 1151 1891 humo
1168 1869 1176 1899 ;

225 1915 394 1966 Quoque
414 1917 500 1954 loco
520 1920 582 1953 est
604 1916 712 1960 vitis,
735 1916 784 1953 de
804 1915 974 1966 palmite
994 1928 1156 1966 gemma
1174 1921 1387 1954 movetur:

278 1977 385 2014 Nam
406 1977 547 2027 procul
568 1991 591 2014 a
612 1977 754 2015 Getico
776 1977 895 2014 litore
914 1977 1011 2028 vitis
1033 1976 1169 2021 abost;

225 2037 393 2088 Quoquo
416 2039 500 2076 loco
520 2043 581 2075 est.
601 2038 731 2079 arbor,
754 2039 950 2087 turgescit
973 2038 1014 2075 in
1034 2038 1175 2076 arbore
1195 2051 1354 2076 ramus:

278 2099 384 2136 Num
406 2099 545 2149 procul
566 2112 589 2136 a.
609 2099 763 2137 Geticis
785 2099 932 2136 finibus
954 2099 1074 2136 arbor
1092 2099 1218 2136 abest.
1338 2098 1387 2137 16

226 2159 323 2198 Otia
343 2173 449 2196 nuuc
470 2159 573 2200 istic,
595 2160 822 2209 iunctisque
843 2173 891 2197 ex
911 2159 1051 2197 ordine
1068 2159 1177 2197 ludis

280 2220 439 2259 Cedunt
464 2220 621 2257 verbosi
643 2221 807 2269 garrula
830 2220 936 2258 bella
955 2220 1046 2258 fori.
1072 2246 1077 2250 ·
