1491 2390
61 1764 125 1806 65.

375 121 456 150 ‘rua
485 119 610 146 SToRY
639 119 688 145 or
719 116 949 144 ruAETnoN.
1260 105 1310 143 73

652 219 671 255 b

632 217 649 268 (
674 219 691 267 )
878 273 964 311 Nec
984 285 1101 311 aures

146 336 381 373 Humanam
402 335 570 372 stolidas
591 334 750 384 patitur
768 335 945 372 retinere
966 336 1161 385 figuram:

152 397 231 435 Sed
245 397 373 434 trahit
390 397 431 433 in
448 397 639 446 spatium,
655 396 845 446 villisque
862 397 1095 435 albentibus
1110 397 1265 447 implet,

148 459 445 508 Instabilesque
465 458 567 494 ima<
588 457 687 494 facit
707 461 748 494 et
769 458 839 495 dat
859 472 975 508 posse
997 459 1161 497 moveri.

151 520 297 558 Cetera
317 524 412 556 sunt
428 519 604 556 hominis
621 535 628 556 ε
658 523 818 568 partein
835 519 1056 557 damnatur
1070 520 1113 556 in
1128 534 1264 566 unam,
1296 521 1318 558 5

151 582 422 631 Induiturque
443 593 558 618 aures
580 580 687 617 lente
707 580 934 629 gradientis
956 581 1082 618 aselli.

151 644 226 681 Ille
246 643 410 694 quidem
430 643 559 680 celare
579 641 704 692 cupit,
728 643 918 693 turpique
938 643 1092 693 pudore

153 706 353 756 Tempora
372 705 588 755 purpureis
609 707 785 753 temptat
807 705 940 742 velare
962 705 1089 742 tiaris.

156 768 236 805 Sed
255 767 398 805 solitus
420 768 559 818 longos
579 768 686 805 ferro
710 779 889 804 resecare
911 767 1079 816 capillos

154 829 329 867 Viderat
350 830 425 867 hoc
445 830 635 867 famulus.
694 828 773 876 Qui
791 843 882 866 cum
902 842 976 866 nec
996 829 1166 879 prodere
1187 829 1321 866 visum

157 892 341 929 Dedecus
363 891 541 936 auderet,
559 891 724 941 cupiens
742 891 879 928 efferre
899 891 973 928 sub
993 904 1110 928 auras
1280 891 1322 927 ll

157 953 241 990 Nec
261 957 397 1003 posset
417 953 584 990 reticere
605 957 754 995 tamen,
777 951 939 996 secedit,
962 951 1210 1002 humumque

160 1015 324 1060 Effodit,
347 1019 398 1060 et,
420 1015 572 1051 donini
593 1014 730 1064 quales
753 1013 958 1063 aspexerit
979 1026 1107 1058 aures⁷

158 1077 268 1114 Voce
289 1077 415 1114 refert
434 1090 572 1127 parva,
594 1080 805 1125 terraeque
825 1075 1111 1112 immurmurat
1133 1075 1304 1112 haustae
1321 1092 1328 1121 3

160 1139 440 1188 Indiciumque
461 1151 555 1175 suae
576 1138 685 1175 vocis
707 1137 853 1174 tellure
873 1141 1036 1187 regesta
1279 1138 1325 1173 15

164 1200 325 1245 Obruit,
347 1203 388 1237 et
408 1199 616 1237 scrobibus
636 1199 786 1236 tacitus
811 1198 983 1235 discedit
1003 1199 1166 1248 opertis.

168 1263 319 1301 Creber
339 1261 637 1299 harundinibus
659 1260 845 1298 tremulis
868 1260 925 1297 ibi
946 1273 1112 1309 surgere
1134 1261 1248 1298 lucus

164 1325 320 1374 Coepit,
342 1328 393 1370 et,
415 1328 462 1361 ut
485 1324 659 1373 primum
683 1323 798 1371 pleno
823 1323 1022 1359 maturuit
1043 1336 1160 1367 anno,

165 1387 351 1424 Prodidit
371 1386 588 1436 agricolam
605 1402 611 1422 :
642 1385 724 1422 leni
744 1398 836 1421 nam
861 1388 994 1421 motus
1015 1385 1065 1421 ab
1086 1388 1226 1421 austro

168 1447 327 1486 Obruta
349 1448 472 1485 verba
492 1447 629 1492 refert,
652 1446 885 1496 dominique
907 1447 1092 1496 coarguit
1113 1459 1242 1483 aures.
1284 1445 1335 1483 20

384 1594 490 1639 The
520 1602 653 1647 story
685 1601 735 1638 of
759 1601 1007 1638 Phaethon.

665 1689 728 1738 (a)

169 1765 277 1814 Ergo
298 1775 376 1812 qua
396 1762 524 1806 licuit⁷
546 1762 706 1811 genitor
725 1765 953 1806 cunctatus,
975 1762 1027 1799 ad
1047 1761 1151 1799 altos

170 1825 345 1863 Deducit
367 1824 425 1860 iux
439 1837 565 1868 cnern,
587 1823 790 1860 Vulcania
810 1837 989 1867 munera,
1007 1837 1160 1860 currus.

169 1887 330 1924 Aureus
351 1885 437 1922 axis
458 1890 556 1930 erat,
577 1890 685 1922 temo
705 1898 863 1929 aureus,
885 1898 1007 1922 aurea
1027 1898 1207 1922 summae

171 1947 405 1986 Curvatura
425 1953 548 1991 rotae,
570 1947 775 1983 radiorum
797 1951 1014 1996 argenteus
1035 1946 1143 1983 ordo.
1317 1947 1342 1982 4

173 2009 253 2047 Per
272 2009 368 2059 iuga
388 2007 631 2058 chrysolithi
652 2008 883 2057 positaeque
905 2021 953 2044 ex
974 2007 1114 2044 ordine
1134 2020 1317 2057 gemmae

173 2071 296 2110 Clara
315 2082 549 2120 repercusso
570 2069 794 2106 reddebant
815 2069 972 2105 lumina
992 2067 1166 2105 Phoebo.

178 2134 362 2183 Dumque
377 2145 423 2169 ea
437 2131 720 2180 magnanimus
738 2129 953 2167 Phaethon
974 2130 1146 2166 miratur
1161 2142 1342 2179 opusque

176 2194 387 2245 Perspicit‚
410 2206 498 2230 ecce
519 2192 621 2242 vigil
640 2192 764 2228 rutilo
785 2191 981 2241 patefecit
1001 2191 1051 2228 ab
1072 2195 1166 2228 ortu

179 2256 408 2307 Purpureas
430 2256 590 2292 Aurora
610 2255 715 2292 fores
731 2258 771 2291 et
785 2254 905 2304 plena
921 2267 1103 2291 rosarum
