1491 2390
106 87 162 129 48
533 99 688 126 STORIES
717 98 822 126 FROM
851 98 955 125 οπο.

216 204 278 244 Ut
296 204 427 242 vitulo
446 204 580 254 mugit
600 217 672 241 sua
692 207 825 240 mater
844 202 895 239 ab
914 202 1038 240 ubere
1058 206 1188 253 rapto,

271 266 324 303 Et
344 265 504 315 quaerit
522 265 630 302 fetus
651 278 724 314 per
742 277 885 301 nemus
905 277 1023 301 omne
1043 277 1135 301 suos
1153 281 1160 301 :

221 325 289 365 Sic
309 327 384 364 dea
403 339 477 364 nec
495 327 645 363 retinet
664 325 854 375 gemitUS,
877 328 918 362 et
937 325 1097 362 concita
1116 337 1238 362 cursu

273 388 433 433 Fertur,
455 391 495 425 et
514 401 535 424 e
555 386 709 436 campis
729 385 889 436 incipit,
912 385 1072 431 Henna,
1094 386 1188 423 tuis.
1327 384 1381 424 20

219 448 320 487 Inde
339 449 535 499 puellaris
554 451 676 485 nacta
695 451 758 485 est
776 447 954 497 vestigia
972 447 1149 497 plantae,

275 510 329 547 Et
348 523 532 560 pressam
551 513 646 546 noto
665 509 844 560 pondere
863 509 971 546 vidit
991 508 1163 545 humum
1180 524 1188 554 ;

222 571 414 609 Forsitan
433 571 506 608 illa
525 571 609 608 dies
631 570 778 608 erroris
799 583 959 607 summa
978 569 1138 615 fuisset,

277 632 322 670 Si
341 646 422 669 non
441 632 677 670 turbassent
697 632 815 682 signa
834 636 997 682 reperta
1017 644 1121 669 sues.
1331 630 1383 669 24

223 693 392 742 Iamque
412 693 654 730 Peloriaden
674 692 961 744 Lilybaeaque,
977 693 1140 742 iamque
1162 691 1381 743 Pachynon

277 754 504 800 Lustrarat,
526 758 658 792 terrae
679 767 828 791 cornua
849 754 958 791 trina
977 767 1084 792 suae.

225 814 489 865 Quacumque
510 815 752 866 ingreditur,
769 815 929 853 miseris
944 815 1031 853 loca
1042 819 1190 853 cuncta
1209 815 1384 864 querelis

280 878 442 928 Implet,
463 881 510 914 ut
535 878 731 914 amissum
751 890 843 914 cum
862 877 991 927 gemit
1011 876 1093 914 ales
1114 877 1223 927 Ityn.

228 938 385 988 Perque
400 939 508 976 vices
527 938 646 976 modo
668 941 689 956 “
703 938 961 989 Persephone
978 939 984 975 1
1002 937 1023 951 ''
1044 938 1163 976 modo
1180 941 1201 956 “
1219 936 1347 975 Filia!
1363 935 1386 952 ’'

334 1000 495 1046 clamat,

283 1064 458 1110 Clamat,
480 1068 521 1102 et
541 1065 711 1102 alternis
731 1077 878 1102 nomen
897 1070 1117 1114 utrumque
1137 1064 1228 1109 ciet,
1337 1062 1390 1102 30

235 1124 316 1164 Sed
334 1139 465 1175 neque
486 1125 745 1176 Persephone
767 1125 967 1171 Cererem,
988 1139 1061 1164 nec
1081 1126 1166 1163 filia
1184 1128 1359 1162 matrem

286 1187 430 1232 Audit,
451 1191 491 1224 et
512 1187 682 1224 alternis
702 1201 851 1225 nomen
870 1191 1090 1237 utrumque
1108 1187 1238 1238 perit3

233 1248 417 1298 Unaque,
439 1253 644 1298 pastorem
664 1249 836 1286 vidisset
857 1262 908 1286 an
928 1262 1028 1286 arva
1046 1249 1256 1291 colentem,

291 1309 380 1347 Vox
399 1314 486 1348 erat
507 1314 528 1328 ‘⁶
546 1310 636 1347 Hac
655 1323 818 1361 gressus
839 1324 964 1360 ecqua
983 1309 1121 1361 puella
1140 1308 1271 1349 tulit?
1287 1309 1308 1322 ”

644 1435 894 1482 vampires.

132 1526 194 1567 37.
241 1525 348 1565 Sunt
368 1526 512 1565 avidae
531 1527 728 1572 volucres,
750 1542 830 1565 non
853 1541 956 1578 quae
977 1527 1151 1565 Phineia
1170 1527 1320 1565 mensis

293 1587 476 1626 Guttura
494 1587 745 1626 fraudabant
765 1589 836 1627 sed
855 1602 982 1640 genus
1003 1589 1097 1626 inde
1119 1588 1291 1626 trahunt
1308 1604 1315 1625 :

241 1648 406 1687 Grande
427 1654 562 1700 caput,
584 1655 741 1689 stantes
762 1651 880 1695 oculi,
902 1654 1035 1688 rostra
1054 1656 1151 1701 apta
1170 1649 1339 1700 iapinis‚

294 1710 476 1748 Canities
497 1711 646 1761 pinnis,
668 1713 874 1762 unguibus
896 1712 1041 1749 hamus
1067 1712 1184 1748 inest.

240 1770 369 1810 Nocte
390 1772 542 1818 volant,
564 1786 789 1823 puerosque
810 1778 958 1825 petunt
977 1773 1149 1810 nutricis
1169 1775 1347 1822 egentes,
1377 1769 1403 1809 5

297 1833 350 1871 Et
371 1834 524 1871 vitiant
543 1835 658 1871 cunis
679 1848 848 1886 corpora
867 1839 988 1886 rapta
1008 1834 1103 1871 suis.

243 1894 421 1946 Carpere
442 1895 636 1933 dicuntur
656 1896 849 1934 lactentia
865 1897 1021 1934 viscera
1035 1895 1189 1939 rostris,

298 1956 352 1993 Et
372 1957 537 2007 plenum
559 1961 654 2007 poto
674 1958 872 2007 sanguine
892 1961 1039 2008 guttur
1059 1955 1221 1993 habent.

246 2017 321 2055 Est
341 2018 423 2055 illis
445 2019 643 2068 strigibus
664 2032 831 2062 nomen3
862 2019 932 2055 sed
953 2018 1128 2055 nominis
1150 2016 1272 2054 huius

300 2078 446 2122 Causa,
467 2079 574 2128 quod
596 2079 842 2117 horrendum
863 2079 1035 2117 stridere
1055 2084 1172 2116 nocte
1193 2078 1336 2116 solent.
1357 2075 1408 2116 lO

250 2139 345 2178 Sive
366 2139 495 2189 igitur
514 2146 738 2177 nascuntur
757 2154 864 2182 aves,
886 2153 956 2177 seu
972 2141 1150 2177 carmine
1170 2140 1285 2180 fiunt.

303 2200 539 2249 Naeniaque
560 2201 601 2237 in
622 2201 803 2238 volucres
825 2201 964 2239 Marsa
983 2202 1133 2252 figurat
1153 2215 1278 2239 anus:
