1491 2390
136 75 191 113 72

128 813 197 855 63.

564 89 721 117 STORIES
750 91 854 118 FROM
884 92 988 120 OVID.

245 194 373 245 Saepe
393 194 573 232 remoliri
593 195 777 233 luctatur
794 198 975 247 pondera
994 202 1138 246 terrae,

243 255 485 307 Oppidaque
505 260 547 294 et
566 271 734 307 magnos
756 258 970 298 devolvere
989 275 1153 312 corpore
1172 266 1346 302 montes:

238 319 342 355 Inde
363 319 502 356 tremit
522 319 644 356 tellus
665 323 706 356 et
729 334 796 357 rex
816 326 938 371 pavet
957 323 1044 372 ipse
1064 323 1270 370 silentum,
1353 325 1401 364 ll

239 380 303 417 Ne
322 384 463 430 pateat
482 381 645 431 latoque
665 382 796 420 solum
815 387 1026 434 retegatur
1044 385 1174 432 hiatu,

241 442 536 494 Immissusque
557 444 642 481 dies
663 446 915 496 trepidantes
936 450 1089 485 terreat
1107 447 1285 486 umbras.

512 632 608 670 The
635 634 774 680 story
802 634 852 671 of
875 634 1043 672 Midas.

741 736 804 785 (a)

241 814 392 853 Laetus
413 816 500 854 abit
519 817 750 868 gaudetque
769 818 876 856 malo
897 818 1164 869 Berecyntius
1185 818 1302 857 heros
1321 835 1323 855 1

239 877 500 928 Pollicitique
520 880 641 916 fidem
662 881 866 930 tangendo
887 881 1050 931 singula
1068 885 1254 931 temptat.

238 938 339 977 Ilice
361 940 539 978 detraxit
554 942 734 991 virgam:
765 942 883 992 virga
903 956 1026 980 aurea
1044 943 1155 980 facta
1175 948 1236 980 est

240 1003 368 1040 Tollit
388 1003 510 1040 humo
532 1016 676 1040 saxum
693 1019 700 1040 t
732 1016 876 1041 saxum
896 1017 1052 1054 quoque
1073 1005 1222 1054 palluit
1243 1018 1351 1043 auro.

242 1064 428 1115 Contigit
449 1068 489 1102 et
508 1065 718 1114 glaebam:
750 1069 940 1103 contactu
959 1066 1104 1115 glaeba
1125 1066 1284 1116 potenti
1382 1066 1407 1105 5

241 1125 379 1163 Massa
398 1127 455 1163 fit.
512 1126 687 1163 Arentes
710 1126 868 1164 Cereris
890 1127 1092 1178 decerpsit
1112 1128 1281 1166 aristas:

238 1187 377 1224 Aurea
396 1188 538 1225 messis
559 1192 657 1225 erat.
700 1188 924 1239 Demptum
940 1192 1051 1226 tenet
1065 1189 1206 1227 arbore
1219 1202 1384 1239 pomum
1398 1205 1407 1227 ι

240 1248 490 1298 Hesperidas
512 1250 682 1287 donasse
702 1254 832 1300 putes.
893 1249 935 1287 Si
956 1251 1141 1300 postibus
1163 1251 1257 1288 altis

236 1310 437 1347 Admovit
458 1311 620 1360 digitos,
642 1316 778 1361 postes
800 1311 959 1349 radiare
980 1312 1183 1350 videntur.

238 1372 314 1408 Ille
336 1372 461 1409 etiam
482 1372 646 1422 liquidis
666 1373 816 1423 palmas
838 1366 904 1410 ubi
926 1374 1078 1411 laverat
1100 1375 1226 1417 undis,
1361 1377 1407 1414 10

239 1434 362 1471 Unda
381 1434 508 1471 flueiis
529 1434 675 1484 palmis
699 1434 868 1472 Danaen
888 1434 1049 1472 eludere
1069 1440 1215 1485 posset.

238 1494 321 1531 Vix
341 1508 433 1545 spes
453 1495 540 1545 ipse
560 1509 653 1532 suas
674 1496 807 1533 auimo
829 1496 949 1546 capit.
972 1509 1095 1533 aurea
1114 1497 1270 1546 fingens

240 1556 399 1594 Omnia.
459 1556 665 1606 Gaudenti
686 1570 845 1594 mensas
867 1571 1035 1607 posuere
1056 1558 1235 1595 ministri

239 1618 479 1655 Exstructas
501 1618 674 1668 dapibus
695 1632 767 1656 nee
789 1624 917 1656 tostae
938 1619 1069 1669 frugis
1090 1624 1280 1669 egentes:

238 1680 342 1717 Tum
364 1694 469 1725 vero,
491 1681 576 1717 sive
596 1680 666 1717 ille
688 1694 760 1717 sua
783 1680 965 1717 Cerealia
987 1680 1133 1718 dextra
1361 1682 1408 1721 15

238 1744 409 1780 Munera
431 1744 669 1791 contigerat.
693 1743 875 1781 Cerealia
896 1742 1000 1779 dona
1021 1742 1234 1792 rige-bant3

239 1804 334 1842 Sive
356 1805 479 1854 dapes
501 1805 620 1841 avido
641 1805 866 1843 convollere
888 1806 1008 1843 deute
1029 1807 1214 1857 parabat,

246 1865 410 1901 Lamina
431 1864 542 1901 fulva
562 1865 690 1915 dapes,
714 1865 873 1902 admoto
893 1866 1021 1907 deute,
1046 1869 1259 1916 premebat.

237 1928 461 1966 Miscuerat
483 1927 594 1978 puris
616 1933 821 1965 auctorem
843 1929 1021 1965 muueris
1044 1929 1187 1966 undis:

240 1990 376 2027 Fusile
397 2004 469 2040 per
489 1990 613 2026 riztus
635 2003 779 2026 aurum
801 1989 961 2027 fluitare
983 1990 1153 2027 videres.
1359 1991 1410 2030 20

242 2052 453 2088 Attonitus
477 2052 656 2088 novitate
678 2051 786 2090 mali.
809 2051 1001 2101 divesque
1022 2052 1236 2102 miserque,

239 2114 428 2161 l⁴lffugere
449 2117 565 2163 optat
587 2127 681 2163 opes
702 2119 739 2149 et
763 2126 864 2162 quae
886 2113 1003 2150 modo
1027 2120 1205 2155 voverat,
1227 2114 1325 2152 odit.

239 2175 365 2225 Copia
385 2175 496 2213 uuila
520 2175 664 2212 famem
688 2175 862 2214 relevat:
893 2175 981 2211 sitis
1003 2175 1118 2213 arida
1138 2181 1285 2225 guttur

242 2237 345 2277 Urit.
368 2244 405 2275 et
430 2238 559 2274 inviso
581 2237 748 2273 meritus
771 2245 983 2287 torquetur
1002 2238 1052 2274 ub
1072 2251 1182 2276 auro.
