1491 2390
564 105 743 133 SAVAGEs.
1237 97 1286 136 51

548 237 761 283 SavageS.

623 313 686 362 (α)

15 380 80 424 39.
126 382 333 430 Protinus,
354 388 527 434 aequato
548 383 664 421 siccis
685 383 944 432 aquilonibus
965 382 1122 428 Histro,

177 445 396 483 Invehitur
414 445 535 483 celeri
554 444 752 482 barbarus
772 444 903 481 hostis
924 456 1037 492 equo,

124 505 267 543 Hostis
287 519 389 555 equo
410 506 567 557 pollens
588 505 785 555 longeque
806 505 970 542 volante
991 504 1145 554 sagitta

174 566 367 604 Vicinam
387 567 468 604 late
489 566 764 617 depopulatur
782 565 965 603 humum.

122 627 359 678 Diffugiunt
381 628 463 673 alii,
484 628 689 677 nullisque
710 626 921 664 tuentibus
943 639 1061 677 agros
1261 628 1285 665 5

173 689 453 726 Incustoditae
474 688 728 739 diripiuntur
745 701 854 738 opes,

119 749 244 788 Ruris
265 763 360 800 opes
381 763 543 800 parvae,
564 763 687 800 pecus
707 753 748 787 et
769 749 987 787 stridentia-
1005 749 1191 800 plaustra

173 810 226 847 Et
246 823 346 860 quas
367 812 534 849 divitias
554 811 686 849 incola
705 825 862 862 pauper
880 811 1016 848 habet.

119 870 220 908 Pars
240 872 380 922 agitur
399 873 549 910 vinctis
569 877 662 923 post
682 876 844 922 tergum
865 881 985 922 capta
1005 871 1181 916 lacertis,

171 931 408 984 Respiciens
428 934 585 971 frustra
603 947 700 971 rusa
719 933 925 982 laremque
946 946 1077 977 suum,
1234 932 1284 971 10

119 991 219 1031 Pars
240 994 349 1032 cadit
369 994 546 1032 hamatis
566 995 712 1032 misere
733 995 890 1031 confixa
910 993 1073 1043 sagittis
1091 1009 1098 1030 :

170 1054 277 1093 Nam
296 1056 452 1094 volucri
471 1056 580 1094 ferro
599 1056 759 1093 tinctile
779 1056 892 1092 virus
913 1055 1030 1092 inest.

117 1114 230 1163 Quae
250 1122 456 1166 nequeunt
476 1129 612 1154 secum
631 1116 738 1154 ferre
758 1120 830 1154 aut
856 1116 1067 1160 abducere,
1088 1116 1279 1166 perdunt,

170 1176 223 1214 Et
244 1182 396 1215 cremat
415 1178 595 1215 insontes
615 1177 773 1215 hostica
792 1177 955 1214 flamma
976 1190 1100 1215 casas.

115 1236 229 1275 Tunc
244 1251 516 1288 quoque‚cum
530 1238 919 1288 paxest‚trepidant
932 1238 1151 1276 formidine
1166 1239 1277 1284 belli,

167 1298 253 1336 Nec
272 1299 488 1348 quisquam
506 1312 646 1349 presso
666 1312 827 1336 vomere
848 1299 979 1336 sulcat
1000 1299 1184 1337 humum.
1231 1301 1278 1338 16

113 1359 201 1396 Aut
232 1360 345 1398 videt
378 1364 450 1398 aut
483 1361 631 1398 metuit
657 1360 768 1398 locus
799 1360 877 1406 hic,
899 1374 1020 1410 quem
1044 1375 1126 1399 non
1151 1362 1276 1409 videt,

219 1421 378 1459 hostem
395 1437 403 1468 ;

167 1481 311 1520 Cessat
330 1483 438 1520 iners
459 1483 591 1534 rigido
611 1487 722 1521 terra
739 1482 883 1520 relicta
904 1483 998 1520 situ.

111 1542 206 1581 Non
226 1544 292 1581 hic
312 1544 529 1594 pampinea
549 1544 679 1582 dulcis
699 1544 801 1582 latet
820 1557 901 1582 uvav
920 1545 995 1582 sub
1016 1545 1172 1591 umbra,

164 1605 250 1643 Nec
270 1606 482 1643 cumulant
501 1605 605 1643 altos
625 1605 784 1643 fervida
803 1610 940 1643 musta
960 1606 1083 1644 lacus.
1225 1606 1277 1645 20

112 1664 238 1703 Poma
259 1671 381 1716 negat
402 1667 524 1716 regio⁷
546 1679 618 1704 nec
639 1666 808 1704 haberet
827 1666 1039 1711 Acontius,
1060 1667 1104 1704 in
1123 1681 1202 1717 quo

167 1726 370 1764 Scriberet
393 1727 458 1764 hic
479 1727 665 1765 dominae
685 1727 810 1765 verba
829 1728 1001 1777 legenda
1022 1741 1128 1766 suae.

109 1788 326 1838 Aspieeres
339 1789 469 1825 nudos
483 1789 569 1826 sine
584 1788 738 1834 fronde,
755 1789 842 1827 sine
855 1789 997 1826 arbore
1013 1802 1176 1841 campos
1193 1807 1200 1828 :

164 1849 259 1887 Heu
279 1850 366 1887 loca
385 1849 496 1887 felici
515 1863 597 1887 non
615 1849 802 1887 adeunda
821 1849 932 1887 viro!

110 1910 219 1962 Ergo
239 1916 324 1948 tam
345 1911 427 1948 late
448 1915 587 1961 pateat
608 1924 699 1948 cum
714 1911 917 1948 maximus
938 1911 1059 1957 orbis,
1223 1913 1272 1951 25

163 1972 277 2010 Haec
297 1978 358 2010 est
378 1973 421 2009 in
441 1985 612 2022 poenam
632 1978 742 2010 terra
760 1978 922 2023 reperta
941 1986 1085 2010 meam.

0 2157 64 2198 40.
107 2162 268 2212 Aspera
287 2162 460 2200 militiae
479 2161 639 2200 iuvenis
659 2163 884 2201 certamina
903 2163 1004 2214 fugi,

160 2221 200 2259 N
203 2235 247 2260 ec
265 2223 346 2260 nisi
365 2223 507 2260 lusura
526 2223 728 2261 movimus
747 2237 861 2261 arma
880 2237 1004 2262 manu
1020 2240 1030 2270 ;
