1491 2390
454 105 506 131 AN
535 92 685 130 ExnAE's
714 103 881 129 LAMENT.
1244 93 1297 130 55

141 207 300 259 Volgus
309 208 425 246 adest
435 207 673 258 Scythicum
688 207 934 257 bracataque
946 207 1067 244 turba
1075 206 1272 245 Getarum
1286 224 1295 244 :

197 269 264 308 Sic
283 283 359 315 me,
381 283 483 319 quae
502 269 620 306 video
639 282 720 306 non
739 269 948 317 videoque,
969 273 1144 306 movent.

141 331 237 369 Una
256 335 394 369 tamen
413 343 504 381 spes
525 334 597 374 est,
618 343 720 379 quae
739 343 804 367 me
824 330 978 367 soletur
996 330 1039 366 in
1058 330 1161 373 istis,

196 392 308 430 Haec
327 392 413 429 fore
432 397 562 429 morte
581 405 671 429 mea
690 405 771 428 non
790 391 984 428 diuturna
1004 391 1122 428 mala.

636 503 693 551 (0)

145 575 259 612 Haec
278 575 382 612 mihi
403 574 622 612 Cimmerio
642 575 705 612 bis
725 575 848 613 tertia
868 575 1032 612 ducitur
1057 578 1189 612 aestas

195 637 332 674 Litore
351 637 515 687 pellitos
535 637 644 674 inter
663 637 819 686 agenda
840 636 977 674 Getas.

141 697 301 747 Ecquos
322 703 369 735 tu
389 699 534 743 silices,
555 697 720 746 ecquod,
743 698 962 742 carissime,
982 698 1136 734 ferrum

195 759 383 797 Duritiae
403 760 573 804 confers,
594 759 863 804 Albinovane,
884 757 1030 797 meae?

143 819 275 858 Gutta
295 825 413 859 cavat
435 821 637 872 lapidem:
669 821 924 858 consumitur
943 821 1090 858 anulus
1110 834 1208 858 usu:
1273 822 1297 858 5

195 883 404 920 Atteritur
422 896 563 933 pressa
583 896 723 920 vomer
742 883 924 920 aduncus
944 882 1081 919 humo.

143 943 322 994 Tempus
344 944 447 981 edax
467 945 598 994 igitur
617 948 782 994 praeter
801 957 874 981 nos
895 944 1032 981 omnia
1049 943 1185 994 perdit
1203 961 1210 981 z

196 1004 340 1042 Cessat
361 1005 515 1042 duritia
534 1019 642 1042 mors
663 1019 820 1055 quoque
840 1006 949 1043 victa
969 1019 1070 1043 mea.

143 1065 388 1116 Exemplum
410 1072 471 1104 est
491 1067 619 1104 animi
638 1067 811 1104 nimium
831 1067 1028 1117 patientis
1049 1067 1205 1111 Ulixes,

196 1128 378 1166 Iactatus
400 1128 522 1166 dubio
541 1142 616 1179 per
635 1129 713 1166 duo
733 1129 865 1165 lustra
884 1129 999 1166 mari.
1249 1128 1300 1166 10

144 1188 343 1240 Tempora
365 1190 531 1227 solliciti
552 1191 622 1228 sed
641 1204 722 1227 non
742 1195 879 1227 tamen
899 1190 1035 1227 omnia
1060 1190 1137 1227 fati

198 1251 390 1297 Pertulit,
412 1257 453 1289 et
472 1252 659 1302 placidae
679 1265 799 1302 saepe
819 1252 932 1289 fuere
952 1265 1099 1289 morae.

146 1311 313 1362 Excipit
334 1313 605 1364 Hippotades,
627 1313 698 1363 qui
717 1313 788 1350 dat
808 1327 881 1364 pro
901 1327 1067 1351 munere
1086 1318 1241 1359 ventos,

197 1373 351 1412 Curvet
371 1380 416 1411 ut
438 1375 635 1425 impulsos
656 1375 770 1411 utilis
791 1388 889 1412 aura
906 1375 1030 1411 sinus.

143 1434 229 1473 Nec
249 1436 351 1474 bene
372 1441 584 1474 cantantes
605 1436 721 1474 labor
740 1441 799 1473 est
822 1437 963 1474 audire
982 1437 1162 1487 puellas:
1247 1437 1298 1475 15

195 1496 280 1535 Nec
305 1498 541 1548 degustanti
562 1499 669 1535 lotus
690 1511 829 1535 amara
848 1497 940 1534 fuit.

143 1557 232 1596 Hos
259 1573 344 1609 ego,
366 1561 435 1610 qui
456 1561 615 1610 patriae
635 1559 789 1597 faciant
809 1559 973 1604 oblivia,
994 1572 1109 1597 sucos

199 1619 323 1658 Parte
343 1635 455 1659 meae
476 1623 596 1664 vitae,
619 1622 652 1658 si
675 1621 793 1658 modo
813 1621 973 1667 dentur,
994 1635 1126 1659 emam
1145 1621 1152 1659 !

144 1679 184 1717 N
186 1695 231 1719 ec
251 1687 298 1720 tu
318 1684 539 1721 contuleris
559 1684 701 1721 urbem
723 1683 1012 1733 Laestrygonis
1033 1697 1224 1734 umquam

199 1742 414 1784 Gentibus.
437 1745 599 1795 obliqua
620 1759 719 1795 quas
741 1745 824 1782 obit
847 1745 992 1782 Hister
1011 1759 1125 1795 aqua.
1246 1745 1300 1783 20

144 1805 230 1845 Nec
249 1809 385 1846 vincet
408 1808 581 1859 Cyclops
603 1823 769 1847 saewim
789 1809 954 1847 feritate
976 1808 1187 1859 Phyacen:

198 1867 278 1915 Qui
299 1876 422 1920 quota
442 1872 608 1908 terroris
627 1884 722 1921 pars
743 1871 845 1909 solet
865 1883 951 1908 esse
970 1872 1049 1908 mei
1066 1870 1083 1908 ir>

145 1928 227 1967 Hic
249 1932 338 1981 agri
358 1933 580 1976 infrondes,
602 1933 669 1970 hic
690 1933 846 1984 spicula
866 1933 997 1970 tincta
1016 1932 1181 1970 venenis
1199 1949 1205 1969 :

198 1992 279 2030 Hic
299 1994 408 2032 freta
426 1995 491 2032 vel
513 1996 641 2045 pediti
660 1995 802 2045 pervia
821 1994 957 2031 reddit
977 1994 1118 2037 hiems,

145 2057 218 2101 Ut,
240 2069 321 2106 qua
341 2069 477 2093 remus
499 2057 579 2094 iter
596 2057 727 2108 pulsis
747 2055 866 2093 modo
885 2055 1038 2093 fecerat
1057 2055 1189 2100 undis,
1247 2055 1298 2093 25

201 2118 340 2157 Siccus
361 2122 595 2168 contempta
614 2131 718 2156 nave
738 2117 872 2154 viator
891 2120 967 2154 eat.

147 2178 228 2227 Qui
248 2179 421 2217 veniunt
440 2179 575 2225 istinc,
596 2180 666 2217 vix
687 2191 757 2216 vos
778 2191 825 2215 ea
843 2177 1004 2215 credere
1024 2178 1176 2216 dicunt«.

201 2239 333 2289 Quam
352 2241 477 2279 miser
495 2245 568 2287 est,
589 2241 658 2292 qui
677 2240 759 2278 fert
779 2239 985 2289 asperiora
1003 2239 1101 2277 fide!
