1491 2390
131 80 180 118 58
430 100 436 104 ·
547 95 707 122 s'romEs
733 95 841 121 FROM
867 94 975 120 0V1D.

233 194 373 234 Aurea
392 199 626 233 sanctorm
644 195 875 246 potuissent
894 195 1050 246 templa
1069 195 1237 235 deorum

286 257 427 302 Urere,
449 270 551 307 quae
571 259 733 294 tantum
753 257 983 294 sustinuere
1003 257 1130 295 nefas.
1345 257 1394 298 10

232 318 399 356 Avertit
419 318 571 363 vultus,
593 318 737 367 Erycis
758 331 861 367 quae
881 319 1063 368 possidet
1082 331 1192 356 arces
1211 335 1218 356 ε

289 378 395 417 Sunt
414 392 583 429 quoque,
604 379 674 429 qui
693 379 883 416 lacrimas
904 380 1153 417 continuisse
1172 382 1336 430 negant.

235 439 316 478 Sed
335 444 474 477 tamen
492 440 568 477 hoc
587 440 747 484 melius,
769 453 891 489 quam
911 440 946 476 si
967 439 1170 478 Phaeacia
1189 441 1311 478 tellus

286 502 481 552 Ignotum
501 502 575 538 vili
595 501 877 551 supposuisset
897 501 1042 539 humo:

233 563 344 600 Hinc
364 566 472 600 certe
492 562 676 600 madidos
696 563 896 612 fugientis
916 563 1067 613 pressit
1086 563 1232 601 ocellos
1347 564 1396 602 15

285 624 421 662 Mater
439 627 480 662 et
499 624 543 661 in
562 624 717 662 cineres
738 624 886 661 ultima
905 624 1011 662 dona
1031 624 1130 661 tulit
1146 640 1153 670 ;

232 685 343 723 Hinc
362 699 475 723 soror
493 685 536 722 in
554 689 715 736 partem
734 686 883 723 misera
903 699 995 723 cum
1014 690 1145 723 matre
1166 685 1315 724 doloris

283 746 412 784 Vem't
431 747 639 784 inornatas
661 747 860 784 dilaniata
879 760 1025 793 comas,

233 807 416 858 Cumque
438 808 519 845 tuis
540 821 615 845 sua
634 808 858 845 iunxerunt
875 808 1142 859 Nemesisque
1162 808 1352 860 priorque

285 868 436 907 Oscula
455 883 528 907 nec
548 869 653 906 solos
675 867 895 907 destituere
915 883 1045 920 rogos.
1345 869 1399 910 20

231 932 352 971 Delia
371 933 616 970 descendens
639 939 660 951 ⁶·
678 933 854 971 Felicius
872 933 893 947 '’
914 934 1048 984 inquit
1069 937 1091 953 “
1107 938 1245 972 amata-

286 994 386 1032 Sum
406 995 482 1031 tibi
499 1011 506 1032 :
537 994 691 1040 vixisti,
713 995 812 1032 dum
830 999 926 1032 tuus
947 995 1054 1045 ignis
1075 995 1226 1033 eram.’'

231 1054 309 1094 Cui
335 1056 520 1094 Nemesis
556 1059 577 1074 “
595 1055 739 1102 Quid’'
774 1056 832 1094 ait
865 1056 978 1093 “tibi
1011 1061 1108 1094 sunt
1127 1070 1218 1094 mea
1246 1057 1394 1097 damna

390 1118 519 1155 dolori
538 1116 555 1156 P

284 1180 351 1217 Me
372 1180 505 1217 tenuit
525 1180 700 1217 moriens
722 1180 933 1218 deficiente
952 1180 1116 1218 manu.”

233 1240 277 1279 Si
298 1246 435 1279 tamen
456 1255 477 1279 e
496 1241 612 1279 nobis
634 1241 790 1291 aliquid
810 1242 890 1279 nisi
910 1256 1057 1279 nomen
1077 1246 1117 1279 et
1138 1256 1284 1280 umora
1345 1246 1393 1281 25

284 1303 442 1347 Restat,
463 1303 506 1340 in
528 1303 669 1353 Elysia
689 1303 795 1341 valle
817 1303 1003 1340 Tibullus
1025 1304 1127 1341 erit:

231 1362 388 1401 Obvius
410 1364 505 1402 huic
526 1365 665 1402 venias
682 1365 833 1402 hedera
852 1365 1059 1402 iuvenalia
1078 1365 1234 1404 cinctus

285 1426 485 1476 Tempora
504 1440 596 1463 cum
617 1426 757 1471 Calvo,
780 1426 895 1464 docte
917 1425 1091 1470 Catulle,
1114 1431 1206 1472 'tu03

230 1486 291 1523 Tu
311 1501 480 1537 quoque,
501 1487 536 1524 si
555 1488 705 1525 falsum
726 1492 788 1525 est
809 1489 996 1526 temerati
1017 1489 1170 1526 crimen
1189 1488 1322 1533 amici,

287 1547 507 1598 Sanguinis
529 1552 650 1599 atque
671 1550 829 1587 animae
850 1550 1019 1600 prodige
1041 1549 1159 1588 Galle
1180 1554 1285 1587 tuae.
1342 1548 1392 1586 30

229 1610 307 1647 His
330 1623 460 1647 comes
482 1610 626 1648 umbra
647 1615 718 1648 tua
739 1615 822 1656 est;
857 1611 974 1661 siqua
994 1616 1055 1649 est
1075 1611 1193 1648 modo
1213 1611 1392 1662 corporis

389 1672 546 1715 umbra,

281 1733 450 1770 Auxisti
470 1747 669 1774 numeros,
692 1734 800 1771 culte
821 1734 994 1778 Tibulle,
1017 1734 1116 1785 pios.

230 1793 333 1831 Ossa
353 1795 502 1844 quieta,
525 1808 676 1845 precor,
700 1800 790 1833 tuta
811 1795 1051 1846 requiescite
1072 1796 1114 1832 in
1135 1807 1248 1839 urna,

283 1855 338 1892 Et
356 1855 411 1893 sit
431 1855 579 1893 humus
600 1850 725 1894 cineri
746 1871 826 1894 non
846 1870 1014 1895 onerosa
1035 1857 1126 1894 tuo!

637 2008 679 2044 A
707 2009 881 2045 Letter.

727 2092 790 2141 (a)

124 2162 183 2202 48.
230 2163 365 2201 Mittit
385 2163 683 2213 Hypermestra
704 2162 752 2199 dc
773 2168 831 2199 tot
855 2163 972 2200 modo
992 2161 1189 2200 fratribus
1210 2161 1280 2199 uni

285 2225 451 2274 (Cetera
472 2228 694 2274 nuptarum
714 2224 883 2262 crimine
904 2224 1025 2262 turba
1044 2224 1166 2270 iacet)
1185 2240 1191 2246 ·
